3911 5522
1721 393 1806 458 53

381 580 481 656 14,
521 583 634 647 22:
677 585 996 668 impiqer
1031 585 1302 651 hostium.
1357 589 1599 653 Vos-are
1637 595 1900 654 turmas
1971 591 2021 668 I,
2058 589 2118 667 5,
2164 593 2271 657 18:
2298 588 2617 657 ‘aeleram
2654 597 2833 677 sequi-
2869 597 3147 662 Aiacem.

374 687 492 765 III,
531 690 636 767 21,
675 692 786 755 22:
841 714 1100 776 seques
1155 696 1406 760 solvere.
1502 697 1736 764 Lucan.
1777 698 1957 774 VIII,
1996 700 2155 762 297:
2210 702 2461 782 scynis
2517 703 2787 768 trude-re.
2883 703 2967 780 X,
3005 705 3151 771 398.

373 795 506 861 Iuv.
555 798 672 876 IV,
724 801 877 864 110:
941 803 1242 867 saevior
1299 805 1569 884 aperire.
1624 804 1648 893 ΙΙ
1701 806 1850 870 Hor.
1900 827 2087 871 carm.
2136 807 2259 882 ΙΙΙ,
2311 808 2367 884 7,
2414 807 2529 873 25:
2592 811 2835 888 flectere
2889 813 3148 877 sci-ens.

376 904 566 988 Verg.
605 907 758 973 Aen.
799 908 940 984 XII,
979 910 1138 975 527:
1207 917 1594 992 rumpunt-ur
1657 915 1915 978 nescia
1972 915 2139 978 ‘vinci
2196 914 2480 980 Pectora.
2578 915 2806 1001 Georg.
2847 918 2954 995 IV,
2990 919 3150 984 470:

373 1014 768 1097 nesciaque
802 1015 1100 1082 humanis
1125 1020 1424 1098 precibus
1451 1038 1880 1085 mansuescere
1909 1022 2124 1086 corda.
2184 1024 2293 1086 Ov.
2326 1023 2473 1088 Her.
2502 1023 2647 1099 XII,
2675 1025 2777 1088 49.
2820 1025 2948 1089 Iuv.
2978 1026 3152 1103 XIII,

373 1123 525 1187 240.
599 1121 756 1187 Stat.
796 1123 990 1188 Theb.
1029 1125 1144 1202 III,
1182 1126 1294 1190 67:
1331 1128 1616 1208 ignara-
1652 1129 1868 1208 fateri.
1945 1127 2093 1194 Silv.
2134 1129 2182 1203 Ι,
2218 1129 2279 1205 4,
2316 1131 2419 1194 40.
2495 1133 2603 1195 Ον.
2646 1131 2780 1196 Am.
2819 1132 2899 1209 ΙΙ,
2939 1133 2997 1209 7,
3041 1134 3149 1198 17:

371 1230 652 1294 sollers
717 1251 967 1294 ornare.
1061 1231 1220 1298 Stat.
1259 1234 1452 1299 Theb.
1503 1235 1582 1310 11,
1619 1234 1766 1300 345.
1857 1235 2091 1300 Lucan.
2130 1237 2205 1312 V,
2242 1235 2403 1301 539:
2474 1238 2833 1303 indocilis
2876 1241 3151 1320 privata

372 1338 568 1420 loqu-13.
633 1337 792 1402 Stat.
831 1337 1026 1404 Theb.
1067 1340 1171 1416 VI,
1209 1341 1366 1405 313:
1408 1342 1771 1406 indocilis
1809 1344 2024 1406 teneri.
2093 1339 2237 1407 S'ilv.
2277 1342 2351 1420 V,
2396 1345 2450 1420 1,
2497 1347 2556 1419 1-;
2596 1347 2653 1420 2,
2692 1346 2793 1410 33.
2852 1347 2961 1411 Ov.
3000 1347 3149 1412 Met.

369 1446 449 1520 V,
487 1443 602 1509 55:
641 1445 890 1510 tende-re
927 1448 1222 1512 doctior
1259 1469 1464 1514 arcus.
1545 1450 1680 1514 Am.
1718 1450 1768 1528 Ι,
1811 1451 1910 1525 11,
1953 1452 2006 1514 1.
2046 1451 2277 1516 Lucan.
2319 1450 2392 1526 V,
2432 1451 2581 1516 382.
2622 1452 2729 1528 ΙΧ,
2768 1453 2915 1516 294.

552 1553 798 1618 Deinde
862 1561 1088 1637 poetae
1151 1555 1401 1639 longius
1467 1560 1782 1640 progressi
1839 1579 1967 1622 non
2022 1557 2208 1622 modo
2262 1558 2345 1621 ad
2402 1557 2715 1624 adieetiva
2770 1560 3059 1625 derivata
3112 1583 3151 1625 a

367 1660 608 1737 verbiS,
665 1683 826 1745 quae
883 1660 1262 1727 infinitivum
1317 1665 1700 1742 adsciscunt,
1755 1665 1868 1729 sed
1925 1666 2118 1728 etiam
2164 1665 2247 1728 ad
2294 1663 2494 1730 multa
2539 1666 2692 1742 alia,
2748 1689 2910 1749 quae
2957 1669 3149 1750 signi-

367 1766 740 1832 ficationum
795 1771 1066 1854 quadam
1122 1769 1435 1835 affinitate
1481 1774 1562 1836 ad
1610 1771 1860 1835 illorum
1907 1775 2197 1836 notiones
2244 1774 2505 1854 propius
2550 1774 2885 1850 accedunt,
2942 1773 3148 1840 infini-

368 1876 570 1938 tivum
624 1875 1139 1964 a‹lhibuerunt.*)
1215 1879 1398 1956 Quod
1453 1884 1524 1942 ut
1581 1901 1703 1942 uno
1761 1879 2185 1943 demonstrem
2233 1880 2545 1963 exemplo,
2602 1882 2897 1964 quoniam
2944 1884 3148 1965 poetis

367 1981 605 2047 licebat
668 1984 860 2048 verbo
926 1987 1256 2049 merendi
1325 1986 1608 2050 subicere
1677 1984 2055 2051 infinitivum
2108 1987 2324 2070 (Prop.
2372 1987 2453 2064 ΙΙ,
2500 1985 2561 2063 5,
2608 1988 2675 2051 3:
2739 1987 2893 2052 haec
2948 1990 3149 2052 :nertii

367 2091 732 2169 sperare?
787 2091 897 2156 Ov.
937 2090 1084 2156 Met.
1124 2091 1260 2168 XV,
1292 2093 1411 2157 111
1448 2117 1610 2177 sqq.:
1641 2095 1864 2173 prima
1892 2098 2175 2173 putatur
2212 2094 2449 2158 Hostia
2484 2114 2592 2158 sus
2631 2096 2928 2159 meru-isse
2964 2096 3144 2159 mor-i.

369 2197 520 2261 Her.
561 2197 684 2274 III,
720 2199 824 2263 41.
891 2199 1037 2276 XX,
1075 2199 1177 2264 96.
1245 2200 1380 2266 Am.
1419 2200 1542 2278 III,
1587 2203 1640 2277 1,
1677 2201 1792 2278 473
1851 2202 1911 2277 3,
1948 2201 2052 2263 37.
2123 2201 2257 2264 Am
2297 2224 2415 2265 am.
2456 2200 2578 2277 III,
2614 2202 2762 2264 410.
2826 2202 3000 2266 Rem.
3040 2203 3143 2267 62.

367 2303 552 2370 Pont.
594 2305 714 2382 ΙΙΙ,
753 2306 812 2382 2,
853 2308 953 2371 20.
1011 2306 1242 2372 Lucan.
1281 2308 1362 2385 ΙΙ,
1401 2309 1549 2372 221.
1608 2309 1682 2385 V,
1720 2309 1867 2372 318.
1925 2306 2098 2384 VIII,
2136 2305 2325 2393 651),
2382 2330 2505 2372 non
2562 2308 2762 2372 solum
2820 2310 3145 2375 adieetivis

365 2413 632 2476 meritus
679 2419 742 2477 et
785 2413 1137 2478 innuerit-us
1182 2413 1561 2479 infinitivum
1607 2417 2032 2480 adiunxerant
2081 2415 2269 2492 (Stat.
2305 2415 2504 2480 Theb.
2542 2417 2590 2491 Ι,
2629 2416 2786 2482 240:
2836 2417 3146 2481 mer-itas

367 2519 744 2583 owse-indere.
837 2520 945 2596 IV,
985 2519 1130 2585 753.
1187 2522 1326 2598 VII,
1365 2521 1513 2586 555.
1569 2522 1742 2600 VIII,
1783 2524 1939 2600 1023
1997 2521 2144 2586 285.
2239 2522 2544 2599 1X3657:
2600 2523 2949 2588 inmeritus
3004 2524 3141 2588 coli.

367 2626 446 2702 X,
483 2627 576 2712 4),
622 2628 732 2691 sed
778 2630 1045 2692 eandem
1092 2631 1403 2694 rationem
1447 2628 1530 2694 ad
1577 2629 1892 2695 adieetiva
1937 2631 2173 2712 (liqna-s
2218 2635 2284 2694 et
2318 2631 2628 2713 -e'mliynus
2665 2631 3145 2707 transtulerunt,

367 2734 444 2799 ef.
485 2735 594 2801 ov.
633 2735 783 2801 Met.
819 2735 925 2813 IV,
963 2737 1110 2801 320.
1184 2736 1351 2814 XIV,
1389 2738 1501 2802 30:
1549 2739 1830 2821 difflues
1871 2758 2017 2803 eras
2063 2738 2234 2803 ultro
2268 2743 2535 2819 poteras
2582 2743 2863 2823 certeque
2899 2739 3139 2821 royari.

367 2842 518 2907 Her.
574 2842 687 2918 VI,
723 2843 838 2907 43:
915 2844 1226 2926 diynior
1300 2846 1406 2909 ire.
1502 2845 1742 2922 XVIII,
1797 2846 1940 2909 102.
2000 2846 2135 2909 Am.
2174 2845 2263 2921 II,
2306 2846 2415 2919 14,
2453 2848 2511 2910 6.
2568 2846 2706 2911 Art.
2744 2869 2862 2911 am.
2905 2846 2957 2924 Ι,
2996 2847 3143 2912 670.

365 2948 540 3013 Rem.
581 2948 683 3013 38.
759 2948 918 3015 Stat.
956 2951 1150 3016 Theb.
1189 2952 1298 3029 IX,
1335 2954 1448 3017 50:
1496 2954 1698 3035 (liqna
1745 2954 2024 3033 rependi.
2102 2954 2178 3029 X,
2218 2952 2375 3027 6503
2422 2953 2569 3019 902.
2618 2954 2765 3018 Silv.
2805 2954 2852 3031 Ι,
2891 2953 2950 3031 2,
2992 2954 3145 3029 117;

369 3056 429 3131 3,
467 3056 570 3119 97.
628 3055 702 3132 V,
745 3058 800 3133 1,
840 3057 942 3121 78.
1019 3060 1197 3123 Ovid.
1237 3059 1386 3123 Met.
1427 3060 1506 3136 II,
1543 3061 1656 3124 42:
1724 3082 1833 3125 owe
1887 3065 1957 3125 tu
2012 3080 2184 3125 meus
2240 3080 2366 3125 esse
2420 3060 2650 3143 myari
2702 3060 3007 3142 Dignius
3060 3082 3139 3126 es.

367 3163 506 3227 Art.
547 3184 664 3228 am.
704 3163 752 3240 Ι,
791 3165 949 3229 681:
1003 3165 1234 3245 fabula
1281 3172 1435 3231 nota
1483 3168 1762 3249 quidem,
1822 3168 1932 3231 sed
1976 3186 2105 3231 non
2156 3168 2483 3250 incliyna
2529 3168 2778 3248 referri.
2856 3168 2963 3232 Sil.
3002 3168 3142 3233 Ital.

367 3270 477 3347 XI,
519 3271 628 3335 12:
666 3275 724 3335 et
759 3272 1010 3351 rupisse
1048 3273 1372 3356 indi-qna
1409 3276 1616 3353 fidem.
1656 3294 1668 3312 ³

549 3378 837 3461 Denique
883 3383 958 3441 ut
1003 3384 1099 3442 est
1146 3380 1314 3463 apud
1351 3381 1723 3445 Homerum:
1769 3378 1968 3465 μέγας
2005 3368 2090 3467 ἦν
2130 3371 2490 3465 ὁράασθαι,
2537 3384 2645 3467 6εἰο
2680 3382 2863 3446 latini
2900 3387 3144 3465 poetae,

366 3485 677 3569 imprimis
715 3484 1033 3567 Vergilius
1080 3492 1272 3569 atque
1307 3488 1630 3563 Horatiae,
1679 3487 2023 3552 infinitivus
2072 3488 2293 3566 videri,
2342 3489 2609 3569 adspici,
2660 3488 2831 3553 cerni
2876 3510 2992 3571 pro
3040 3510 3141 3552 su—

365 3593 534 3678 pinis
581 3592 986 3657 subiecerunt
1032 3594 1357 3659 adiectivis
1406 3594 1848 3677 significanteS,
1897 3596 2101 3680 qualis
2140 3600 2307 3659 esset
2345 3594 2547 3659 forma
2585 3599 2649 3659 et
2686 3596 2893 3677 imago
2930 3616 3143 3659 rerum

366 3708 480 3765 aut
526 3700 814 3765 sensibus
861 3703 1140 3783 corporis
1185 3708 1297 3766 aut
1343 3704 1570 3769 mentis
1619 3703 1814 3768 oculis
1859 3700 2308 3787 percepta.’**)
2383 3701 2701 3783 Vergilius
2755 3702 2947 3784 igitur
2983 3700 3137 3767 Aen.

367 3808 476 3883 vl,
515 3808 602 3871 49
643 3830 803 3893 sqq„
859 3806 966 3871 ubi
1016 3808 1292 3892 Sibyllae
1337 3808 1627 3873 habitum
1675 3809 2003 3885 describit,
2049 3812 2138 3873 sic
2183 3808 2417 3892 pergit:
2474 3810 2849 3891 :rectiorque
2897 3808 3141 3872 videri

363 3916 495 3980 Nec
531 3915 800 3978 mortale
836 3936 1094 3993 somnes,
1146 3917 1400 3996 adflata
1439 3922 1526 3981 est
1561 3918 1822 3987 ‚numine
1861 3917 2125 3999 quando
2152 3916 2299 3981 Iam
2324 3916 2635 3997 propiore
2673 3916 2800 3993 (ἰοί,
2841 3916 3143 3981 Horatius

362 4026 577 4086 autem
626 4043 812 4086 carm.
853 4021 960 4098 IV,
1000 4023 1059 4099 2,
1099 4022 1182 4085 57
1223 4046 1354 4108 sqq.
1369 4024 1664 4095 ,vitulum
1704 4023 2154 4089 immolandum
2189 4023 2361 4089 hisee
2400 4022 2607 4087 verbis
2648 4024 2960 4108 depingit:
3011 4046 3142 4107 qua

361 4134 586 4192 notam
635 4129 848 4206 duxlt,
909 4130 1172 4193 niveus
1217 4131 1493 4208 videri,
1553 4135 1758 4195 cetera
1803 4130 2033 4211 fulvus
2113 4130 2203 4195 Cf.
2249 4131 2399 4196 Hor.
2440 4154 2627 4195 earm.
2668 4130 2718 4206 I,
2760 4132 2859 4207 19,
2898 4130 2967 4194 5:
3026 4130 3140 4193 lu-

363 4236 619 4301 bricus
665 4236 932 4315 adspici.
1009 4235 1241 4301 Lucan.
1280 4237 1394 4313 ΙΙΙ,
1433 4238 1560 4301 347
1602 4238 1762 4322 sqq.‘:
1819 4239 2004 4304 Ceres
2050 4243 2199 4303 tune
2243 4238 2565 4302 horrida
2602 4238 2807 4302 cerni
2844 4236 3138 4301 Foeda-

361 4364 485 4426 que
521 4342 882 4425 continyi.
961 4342 1120 4407 Stat.
1161 4343 1357 4409 Theb.
1398 4344 1508 4420 VI,
1549 4344 1704 4409 731:
1741 4345 2095 4410 imm-anis
2132 4346 2353 4409 cerni.
2432 4344 2578 4408 Silv.
2616 4345 2725 4421 IV,
2764 4345 2824 4420 6,
2864 4344 2965 4407 37.

542 4448 661 4516 His
700 4448 1027 4514 infinitivis
1063 4450 1401 4515 usitatiora
1438 4451 1699 4517 fuerunt
1745 4453 1970 4537 supina
2005 4453 2072 4517 in
2110 4457 2179 4517 tu
2217 4452 2344 4517 sive
2382 4474 2457 4517 su
2488 4450 2940 4537 exeuntia,“*)
2979 4470 3139 4534 quae

357 4580 517 4587 -..—--

539 4627 599 4697 ⁴¹)
639 4627 718 4681 Cf.
758 4625 1024 4681 Kuebleri
1065 4633 1412 4682 commentat.
1451 4644 1576 4697 pag.
1617 4630 1702 4683 17.

507 4716 596 4785 **)
636 4716 715 4771 Cf.
754 4716 1021 4771 Kuebleri
1061 4722 1408 4771 commentat.
1448 4733 1573 4786 pag.
1612 4719 1696 4777 23.

477 4805 596 4874 ***)
634 4806 720 4865 De
775 4802 990 4875 supinis
1045 4805 1267 4875 linguae
1325 4806 1532 4867 latinae
1581 4806 1877 4863 Richterus
1926 4807 2391 4878 Regiomontanus
2448 4824 2496 4861 a.
2548 4806 2849 4862 1854—60
2896 4805 3136 4875 quinque

356 4893 851 4963 commentationes
891 4895 1306 4961 accuratissime
1345 4894 1584 4967 scripsit,
1627 4912 1694 4951 ex
1735 4896 1933 4969 quibus
1973 4897 2187 4969 aliquot
2226 4897 2480 4967 exempla
2519 4896 2849 4974 deprompsi.
