3911 5522
2116 381 2243 424 VIII

784 556 889 610 kar
943 561 999 609 et
1056 555 1168 608 dhet
1222 553 1359 609 coni.
1421 571 1542 608 cum
1600 553 1708 607 (lat.
1761 556 2005 610 effectae.
2064 573 2117 624 p.
2226 554 2425 624 supina
2463 555 2789 610 Umbrorum
2830 555 3001 610 desin.
3040 555 3097 609 in
3136 562 3268 609 tum.
3307 573 3360 624 p.
3399 557 3450 610 5.

855 646 1082 698 33—34.
2226 643 2425 712 supina.
2497 645 2823 699 Umbrorum
2910 650 2965 698 et
3038 645 3359 698 Latinorum
3434 661 3559 698 cum

784 733 979 786 radix
1046 732 1238 786 verbi
1295 731 1466 800 signis
1525 731 1612 784 vel
1669 731 1973 784 accusativi
2030 731 2117 784 vel
2299 733 2481 786 verbis
2519 733 2694 786 eundi
2729 733 2867 786 coni.
2908 750 2961 801 p.
3000 735 3086 798 63,
3125 734 3209 788 64.

856 822 1031 876 dativi
1094 823 1180 875 vel
1240 819 1472 874 ablativi
1530 820 1801 874 instructa
1854 820 2117 874 infinitivi
2224 820 2470 888 vdpushc
2507 837 2606 890 pro
2644 821 2740 875 ins.
2781 839 2967 890 usurp.
3007 839 3060 890 p.
3101 825 3183 876 11.

858 911 1028 964 instar
1063 915 1376 976 usurpatur.
1414 927 1467 978 p.
1509 910 1563 962 7.
1970 959 1975 964 ,
2226 910 2396 963 verba
2435 909 2811 964 auxiliaria.
2849 925 2972 962 cum
3008 909 3106 963 inf.
3147 909 3286 964 coni.
3324 927 3379 979 p.
3418 912 3500 965 66.

783 999 1120 1053 recentiores
1151 999 1282 1067 quid
1311 997 1610 1052 statuerint
1641 997 1708 1050 de
1738 996 1834 1051 inf.
1874 1015 1927 1066 p.
1960 999 2115 1052 1—4.
2226 999 2394 1054 verba
2439 999 2772 1067 imperandi,
2820 999 3133 1068 adnitendi,
3172 997 3557 1068 contendendi,

783 1087 954 1140 Stoici
994 1087 1126 1155 quid
1163 1086 1461 1140 statuerint
1499 1086 1566 1139 de
1606 1085 1702 1139 inf.
1742 1102 1794 1153 p.
1837 1088 1883 1139 1.
2302 1087 2635 1141 decernendi
2671 1104 2793 1141 cum
2832 1086 2927 1141 inf.
2970 1086 3109 1141 coni.
3148 1103 3201 1155 p.
3239 1087 3325 1141 82.

784 1176 1130 1229 substantiva
1187 1173 1476 1229 infinitivis
1524 1173 1876 1228 definiuntur.
1935 1191 1988 1242 p.
2029 1176 2115 1229 55.
2224 1175 2395 1228 verba
2461 1191 2602 1242 quae
2668 1175 3041 1230 accusativum
3098 1175 3301 1229 obiecti
3358 1176 3557 1231 admit-

783 1265 952 1317 subst.
1001 1279 1205 1317 sanscr.
1255 1265 1428 1318 bactr.
1475 1263 1614 1316 finit.
1662 1261 1718 1316 in
1768 1267 1846 1334 -ί,
1895 1283 1987 1334 -α,
2036 1265 2114 1320 -ἁ,
2294 1270 2432 1317 tunt.
2473 1280 2525 1331 p.
2566 1261 2792 1318 66—80'.

856 1369 907 1420 p.
951 1353 1032 1416 19,
1071 1353 1157 1404 20.
2224 1351 2503 1420 Vergilius
2544 1351 2815 1406 infinitivo
2852 1368 2952 1422 pro
2982 1351 3308 1421 imperativo
3336 1353 3559 1407 videtur

781 1439 953 1494 subst.
1003 1439 1311 1494 verbali-a
1357 1458 1478 1494 cum
1527 1457 1708 1494 accus.
1748 1439 1886 1494 coni.
1935 1457 1989 1508 p.
2029 1441 2114 1495 94.
2296 1457 2427 1494 usus
2466 1456 2602 1495 esse.
2643 1458 2695 1509 p.
2732 1443 2819 1495 92.
