3911 5522
1594 340 1802 442 “65

373 540 696 606 variorum
741 538 1192 603 infinitivorum
1228 539 1538 616 ubertate,
1583 540 1961 622 praesertim
1998 560 2139 603 cum
2178 538 2241 602 in
2280 537 2565 619 Rigveda
2602 535 2858 620 quidem
2894 555 3148 600 accusa-

373 647 575 712 tivum
632 646 1166 711 substantivorum
1195 643 1516 722 ‘infinitivi
1571 653 1786 729 partes
1842 665 2033 728 agere
2087 627 2455 720 videi-imm,
2507 644 2754 708 nullum
2808 643 3153 708 accusativi

375 777 518 820 cum
575 753 884 818 infinitivo
939 753 1258 818 coniuncti
1311 753 1648 836 vestigium
1702 750 2053 837 apparet.*)
2138 749 2331 814 Cuius
2386 751 2479 814 rei
2520 757 2789 814 'causam
2842 750 2991 814 inde
3046 769 3153 813 ex-

373 862 588 926 istimo
643 860 1050 944 repetendam
1107 880 1268 936 esse,
1323 860 1493 942 quod
1549 860 1722 943 apud
1775 865 2019 923 veteres
2077 858 2266 922 Indos
2324 863 2389 922 et
2431 858 2800 922 Bactrianos
2856 854 3152 920 infinitivi

373 968 628 1052 plenam
675 965 1058 1032 substantivi
1104 967 1228 1030 vim
1275 987 1351 1030 ac
1395 973 1689 1030 naturam
1735 966 1827 1030 ita
1873 971 2299 1040 servaverunt,
2343 969 2417 1028 ut
2460 985 2611 1028 usus
2657 985 2874 1028 eorum
2912 962 3153 1027 formae

375 1074 618 1140 casuali
665 1094 853 1157 quam
899 1075 1162 1157 quisque
1207 1093 1360 1156 prae
1406 1094 1472 1137 se
1509 1072 1706 1137 ferret
1743 1093 1990 1156 semper
2026 1070 2453 1154 responderet.
2530 1070 2666 1148 Quo
2701 1070 2903 1154 magis
2940 1075 3155 1134 autem

375 1179 725 1246 infinitivus
781 1203 824 1245 a
863 1180 1276 1264 primigeniae
1321 1201 1472 1245 suae
1517 1179 1758 1244 formae
1805 1181 1867 1242 vi
1913 1178 2250 1244 recedebat
2299 1184 2363 1242 et
2408 1199 2531 1262 quo
2580 1177 2839 1261 propius
2884 1199 2925 1241 a
2960 1175 3153 1242 verbo

374 1287 621 1365 aberat,
671 1310 746 1352 ex
787 1309 910 1371 quo
946 1287 1124 1352 verbi
1165 1293 1230 1352 et
1266 1294 1556 1370 tempora
1591 1293 1655 1351 et
1693 1308 1927 1370 genera
1965 1284 2319 1368 significare
2356 1287 2579 1368 coepit,
2617 1305 2691 1350 eo
2729 1284 2977 1349 facilius
3012 1282 3149 1348 fieri

373 1396 606 1478 potuit,
652 1400 725 1458 ut
761 1400 1085 1458 structura
1117 1396 1459 1459 accusativi
1498 1415 1638 1458 cum
1679 1391 1991 1458 infinitivo
2030 1398 2320 1458 oreretur
2358 1399 2622 1475 ortaque
2659 1391 2851 1456 latius
2886 1398 3153 1474 pateret.

376 1500 555 1578 Quae
603 1507 906 1584 quantam
948 1503 1076 1576 vim
1122 1503 1188 1564 in
1233 1503 1585 1566 orationem
1631 1506 1696 1565 et
1733 1485 2245 1584 amplificandam
2283 1505 2349 1563 et
2382 1499 2861 1582 perpoliendam
2898 1521 3153 1565 exercu-

377 1609 519 1683 erit,
565 1608 746 1671 testis
785 1614 880 1672 est
917 1609 1226 1690 imprimis
1265 1607 1650 1672 Graecorum
1685 1607 2243 1690 Romanorumque·
2272 1606 2507 1688 lingua.
2582 1605 2949 1671 Orationem
2988 1609 3153 1672 enim

377 1713 702 1797 obliquam
759 1736 922 1797 quae
975 1720 1263 1790 vocatur,
1317 1720 1390 1778 ut
1435 1714 1557 1778 hoc
1601 1736 1798 1778 unum
1842 1734 2349 1789 commemorem,
2402 1713 2575 1794 apud
2618 1712 2935 1778 Romanos
2982 1721 3153 1778 certe

375 1822 736 1885 accusativo
783 1843 926 1885 cum
964 1819 1274 1886 infinitivo
1309 1827 1614 1902 tanquam
1652 1820 2063 1885 fundamento
2102 1821 2223 1884 niti
2261 1821 2401 1902 quis
2438 1827 2534 1883 est
2571 1821 2680 1900 qui
2716 1821 2943 1903 neget?
3016 1819 3155 1885 Hoc

375 1933 592 1991 autem
639 1927 893 1991 dicendi
937 1949 1194 2010 genere,
1241 1929 1408 2011 quod
1456 1927 1679 1992 Graeci
1731 1933 1795 1991 et
1840 1927 2109 2000 Romani
2154 1928 2427 1991 maxime
2472 1926 2908 2004 excoluerunt,
2951 1948 3155 2012 neque

375 2034 518 2098 Indi
558 2054 763 2117 neque
798 2034 1122 2098 Bactriani
1159 2036 1258 2098 usi
1295 2032 1574 2121 sunt,**)
1622 2055 1888 2117 quorum
1925 2034 2143 2116 lingua
2181 2034 2444 2116 simplex
2483 2037 2547 2097 et
2582 2032 2853 2098 candida
2889 2055 2929 2097 a
2964 2036 3152 2100 nimis

374 2140 568 2223 longa
631 2147 1044 2224 contortaque
1099 2143 1558 2205 sententiarum
1615 2142 2087 2204 continuatione
2142 2139 2530 2204 abhorreret.
2624 2140 2799 2217 Quae
2853 2162 2954 2204 res
3010 2163 3151 2206 cum

376 2247 563 2310 docet
608 2268 794 2330 quem
830 2248 1200 2312 eruditionis
1237 2246 1505 2330 gradum
1541 2255 1786 2311 veteres
1823 2246 1966 2312 Indi
2005 2254 2070 2310 et
2104 2247 2429 2310 Bactriani
2467 2247 2787 2311 consecuti
2824 2249 2970 2323 sint,
3014 2254 3151 2312 tum

375 2353 599 2417 eadem
653 2352 824 2418 haud
879 2354 1008 2418 scio
1064 2375 1145 2417 an
1201 2361 1574 2436 argumento
1631 2375 1765 2418 esse
1818 2355 2048 2437 possit,
2113 2374 2301 2436 quam
2355 2374 2483 2417 non
2539 2353 2767 2417 idonea
2819 2355 3149 2438 utriusque

375 2459 590 2542 populi
640 2459 858 2543 lingua
902 2465 1256 2525 structurae
1302 2463 1638 2526 accusativi
1679 2481 1820 2525 cum
1859 2458 2168 2524 infinitivo
2207 2459 2416 2524 fuerit.
2492 2459 2792 2524 Attamen
2828 2463 2893 2523 in
2932 2461 3151 2544 lingua

375 2568 690 2630 sanserita
734 2568 1101 2649 posterioris
1147 2570 1477 2650 temporis,
1532 2589 1694 2651 quae
1741 2565 2071 2632 infinitivis
2122 2568 2184 2630 in
2232 2571 2367 2632 tum
2411 2565 2608 2631 finitis
2653 2565 2785 2632 fere
2830 2567 3150 2645 utebatur,

374 2672 678 2737 nonnulla
714 2674 1000 2756 exempla
1035 2675 1376 2739 accusativi
1413 2695 1554 2738 cum
1592 2672 1905 2738 infinitivo
1945 2675 2229 2758 quamvis
2262 2696 2413 2739 rara
2448 2675 2577 2738 sint
2611 2675 3033 2757 reperiuntur,
3076 2681 3151 2738 ut

376 2779 518 2844 Sav.
557 2780 618 2857 5,
658 2781 811 2845 100:
856 2782 1005 2864 yadi
1041 2787 1229 2860 mam
1268 2804 1342 2847 ca
1371 2782 1681 2865 jivitum
1717 2782 2033 2858 icchasi,
2070 2782 2123 2846 si
2160 2804 2261 2847 me
2296 2782 2504 2845 vivere
2542 2783 2745 2864 cupis;
2796 2781 2959 2847 Som.
2997 2784 3148 2847 vrh.

372 2886 450 2951 K.
487 2908 547 2969 p.
585 2888 735 2964 314,
776 2889 921 2966 172,
959 2889 1132 2975 quod
1163 2888 1516 2971 exemplum
1553 2888 1864 2954 Hoeferus
1901 2888 2048 2953 libri
2088 2890 2185 2952 sui
2222 2911 2283 2971 p.
2327 2890 2453 2953 122
2490 2887 2761 2972 profert:
2807 2890 3149 2972 rajanam

375 2998 673 3072 suatum
720 3001 893 3059 tatra
939 2996 1300 3077 dadarca,
1354 3016 1569 3079 regem
1615 2996 1707 3059 ibi
1753 2995 1963 3060 lavare
2008 2995 2197 3072 vidit,
2253 2996 2363 3061 sed
2409 2995 2707 3059 usitatior
2754 2996 3151 3060 accusativus

375 3120 518 3164 cum
561 3102 900 3184 participio
947 3104 1317 3167 coniunctus
1363 3104 1615 3167 videtur
1659 3100 1868 3178 fuisse,
1917 3101 1997 3166 cf.
2045 3102 2230 3165 MBh.
2270 3103 2330 3179 3,
2368 3101 2527 3165 345:
2573 3104 2721 3185 yadi
2744 3152 2897 3166 .....
2918 3102 3148 3167 kaura-

373 3212 537 3291 vyan
565 3206 1004 3291 jivamanan
1040 3208 1146 3273 ihe
1183 3209 1489 3286 'cchasi,
1527 3210 1580 3273 si
1609 3210 1974 3292 Kauravyas
2002 3210 2213 3273 vivere
2242 3209 2435 3292 cupis
2490 3208 2566 3273 N.
2595 3208 2798 3286 XVII,
2828 3210 2941 3275 28:
2979 3214 3149 3289 mam

373 3315 490 3377 ced
547 3313 778 3380 icchasi
825 3316 1150 3399 jivantim,
1205 3338 1304 3380 me
1360 3315 1412 3381 si
1469 3318 1646 3399 cupis
1701 3318 1921 3380 vivere.
1999 3315 2148 3403 Qak.
2189 3315 2370 3380 Chez.
2414 3316 2561 3393 158,
2600 3316 2669 3380 6:
2727 3316 2915 3394 aham
2960 3322 3151 3401 tvaya

369 3421 960 3505 pratyabhijnatam
1013 3427 1337 3487 Atmanam
1391 3422 1686 3500 icchami,
1743 3443 1858 3506 ego
1906 3444 1946 3487 a
1992 3429 2058 3487 te
2105 3424 2362 3504 agnosci
2408 3423 2609 3506 cupio.
2667 3422 2771 3507 (cf.
2816 3421 2935 3485 lex.
2980 3422 3146 3487 Petr.

369 3527 424 3605 Ι,
463 3528 640 3615 823.)
715 3528 868 3594 Post
911 3529 1104 3594 verba
1151 3530 1402 3594 dicendi
1449 3537 1513 3594 et
1560 3530 1791 3595 similia
1833 3536 2049 3593 utrum
2096 3530 2490 3594 accusativus
2537 3550 2679 3593 cum
2716 3527 3026 3615 infinitivo
3064 3530 3149 3594 sit

371 3636 747 3701 statuendus
795 3657 1006 3713 necne,
1052 3643 1224 3702 certo
1272 3637 1605 3701 diiudicari
1654 3638 1894 3719 nequit,
1941 3639 2239 3721 quoniam
2283 3635 2442 3700 haec
2485 3634 2681 3700 verba
2714 3656 2858 3700 cum
2893 3656 3147 3701 accusa-

370 3742 505 3807 tivo
543 3764 706 3825 pers.
747 3732 924 3825 iungi
962 3744 1185 3820 solent,
1232 3743 1306 3808 cf.
1344 3743 1484 3807 Nal.
1524 3744 1632 3821 IX,
1675 3744 1784 3808 17:
1832 3744 2339 3827 damayantim
2377 3744 2531 3807 atha
2568 3741 2872 3819 ’bravit,
2916 3743 3147 3809 Dama-

368 3850 902 3931 yantiae‘deinde
949 3850 1126 3915 dixit.
1203 3850 1279 3928 X,
1319 3852 1434 3918 25:
1462 3871 1660 3914 evam
1706 3850 1940 3914 uktva
1986 3852 2234 3933 priyam
2279 3849 2666 3933 bharyam,
2713 3850 2804 3915 sic
2849 3850 3018 3915 satus
3063 3852 3147 3915 ad

369 3963 654 4020 amatam
681 3978 956 4022 uxorem.
1014 3958 1156 4035 VII,
1184 3960 1253 4022 4:
1282 3959 1740 4041 pushkaram
1767 3958 1908 4021 ahe
1934 3956 2118 4034 'dam,
2146 3956 2512 4022 Pushkarae
2543 3958 2703 4021 dixit
2730 3957 2866 4023 hoc.
2922 3958 3147 4043 Itaque

367 4060 566 4127 verba
628 4085 790 4147 quae
855 4063 1154 4147 leguntur
1211 4066 1426 4148 Hitop.
1466 4064 1571 4141 57,
1611 4066 1679 4128 6:
1745 4064 2199 4149 rajyasukham
2250 4065 2611 4149 parityajya
2664 4064 3145 4142 sthanantaram

369 4176 635 4253 gantum
687 4170 950 4236 katham
1005 4178 1176 4250 mam
1222 4171 1672 4237 sambhashase
1720 4173 1813 4236 ita
1857 4171 2225 4257 accipienda
2270 4179 2444 4249 sunt,
2498 4178 2572 4236 ut
2616 4178 2785 4236 mam
2832 4194 2909 4237 ex
2953 4171 3144 4236 verbo

366 4275 550 4342 finito
598 4277 1048 4344 sambhashase
1093 4281 1395 4363 pendeat,
1452 4286 1644 4363 atque
1687 4281 2020 4345 vertenda:
2076 4280 2325 4363 imperii
2370 4279 2765 4345 iucunditate
2808 4279 3032 4344 relicta
3075 4279 3141 4342 in

549 4473 596 4539 ¹¹¹)
650 4474 912 4543 Legimus
959 4474 1180 4543 quidem
1229 4492 1280 4545 y.
1319 4476 1404 4540 43,
1446 4476 1537 4530 17:
1588 4475 1736 4543 cerei
1785 4474 2125 4544 buzhdyai
2171 4475 2503 4529 haurvata
2540 4476 2942 4539 ameretata„
2989 4472 3142 4526 utin

367 4562 603 4632 imperio
649 4564 760 4617 sint
797 4564 1000 4619 Haurv.
1051 4572 1107 4619 et
1143 4568 1406 4630 Ameret.,
1455 4581 1560 4633 quo
1608 4565 1726 4618 loco
1773 4564 2045 4617 infinitivo
2096 4563 2431 4633 buzhdyai
2479 4564 2585 4617 duo
2624 4562 2927 4617 accusativi
2964 4562 3143 4616 dualis

365 4652 618 4707 adiuncti
665 4659 816 4717 suut,
864 4659 1049 4707 tamen
1097 4654 1226 4707 huic
1271 4655 1354 4708 rei
1407 4670 1515 4708 non
1560 4661 1675 4707 tam
1724 4652 1953 4706 multum
2002 4653 2316 4717 tribuerim,
2365 4660 2425 4705 ut
2470 4652 2795 4706 Bactrianos
2841 4651 2953 4706 iam
3000 4645 3177 4705 hanc'

365 4748 701 4797 structuram
739 4742 956 4797 novisse
993 4743 1122 4797 inde
1162 4743 1436 4812 colligam.

510 4830 591 4895 ¹'¹¹'¹)
631 4831 711 4887 cf.
750 4832 900 4903 Jolly
936 4832 969 4885 l.
1011 4832 1045 4885 l.
1086 4849 1211 4903 pag.
1253 4834 1356 4889 124
1394 4849 1496 4903 sqq

503 4931 726 4981 munim,
757 4933 810 4973 aa
831 4931 1075 4984 cnflm'tsvo.
2682 4922 2716 4977 5
