3911 5522
1481 1453 2167 1595 PraefatiO.

624 1811 912 1886 Abhinc
985 1819 1322 1907 quattuor
1403 1816 1562 1886 fere'
1627 1834 1855 1887 annos
1935 1835 2098 1884 cum
2172 1833 2468 1884 munere
2544 1832 2702 1884 meo
2780 1809 3213 1884 scholastico

446 1955 1116 2030 commentationem
1182 1955 1497 2050 aliquam
1565 1953 1823 2027 edendi
1887 1952 2291 2026 necessitas
2356 1951 2532 2024 mihi
2599 1959 2795 2026 esset
2857 1953 3216 2050 imposita,

445 2097 534 2171 de
589 2097 921 2170 infinitivi
977 2098 1051 2168 vi
1108 2104 1178 2169 et
1235 2103 1488 2170 natura
1542 2098 1644 2169 ita
1699 2096 1990 2191 scripsi,
2052 2101 2131 2167 ut
2184 2118 2229 2168 a
2284 2093 2659 2196 Rigvedae
2712 2095 3001 2192 hymnis
3058 2115 3216 2190 pro-

443 2242 674 2312 fectus
759 2239 1002 2312 varias
1095 2239 1605 2312 infinitivorum
1698 2241 1968 2311 formas
2060 2259 2247 2332 quae
2330 2237 2403 2308 in
2486 2237 2756 2332 linguis
2842 2237 3215 2329 sanserita,

443 2381 784 2474 bactrica,
846 2403 1135 2476 graeca,
1202 2380 1451 2473 latina,
1522 2381 1762 2475 gotica
1825 2380 2277 2475 reperiuntur
2340 2379 2461 2452 via
2524 2402 2609 2452 ac
2673 2380 2948 2453 ratione
3014 2401 3217 2451 enar-

443 2545 678 2596 rarem
769 2529 840 2596 et
930 2499 1115 2595 inter
1215 2544 1296 2594 se
1389 2543 1896 2619 compararem.
2049 2521 2283 2612 Quam
2377 2521 3047 2594 commentationem
3138 2527 3215 2593 ut

444 2663 1003 2737 emendatiorem
1060 2665 1592 2759 auctioremque
1655 2687 1843 2736 nunc
1909 2662 2125 2736 edere
2188 2685 2480 2759 possem
2544 2685 2689 2736 una
2754 2685 2914 2736 cum
2971 2663 3214 2754 altera,

444 2830 630 2903 quae
705 2813 816 2880 est
893 2806 982 2879 de
1054 2808 1384 2880 infinitivi
1453 2830 1614 2899 usu,
1699 2830 1858 2880 cum
1942 2808 2103 2903 ipse
2186 2829 2465 2880 summo
2540 2829 2757 2902 opere
2833 2806 3216 2898 elaboravi,

443 2956 593 3020 tum
677 2970 896 3043 opera
977 2951 1308 3047 Benfeyi,
1381 2949 1529 3049 'viri
1611 2947 2039 3041 doctissimi,
2122 2951 2389 3021 factum
2472 2958 2608 3041 est,
2690 2949 2815 3043 qui
2899 2971 3059 3021 cum
3135 2948 3215 3046 'in

446 3089 1024 3185 ephemeridibus
1091 3090 1322 3164 doctis
1381 3091 1700 3186 Gotting.
1775 3114 1834 3163 a.
1898 3092 2119 3162 1869.
2193 3114 2259 3185 p.
2322 3094 2524 3162 1440
2593 3088 2684 3162 de
2745 3091 2989 3163 libello
3056 3112 3213 3163 meo

444 3231 793 3306 benevolo
861 3234 1098 3306 animo
1164 3231 1538 3327 iudicaret,
1612 3233 1756 3305 alia
1827 3254 2015 3326 quae
2088 3231 2273 3335 falso
2339 3232 2720 3305 attuleram
2790 3231 3215 3325 emendavit,
3308 3278 3317 3285 ·

445 3372 588 3445 alia
660 3371 954 3446 addidit.
1077 3374 1272 3447 Huic
1345 3374 1500 3448 viro
1575 3373 1862 3469 publice
1933 3373 2209 3468 gratias
2276 3396 2491 3468 agere
2557 3373 2691 3448 hoc
2756 3374 2912 3447 loco
2977 3397 3215 3447 meum

447 3536 611 3587 esse
668 3515 1016 3587 existimo

659 3656 962 3729 Duobus
1045 3658 1256 3730 annis
1338 3665 1505 3753 post
1586 3680 1700 3730 me
1773 3656 1862 3729 A.
1925 3654 2356 3751 Ludwigius
2438 3655 2699 3730 librum
2786 3655 3009 3731 edidit
3092 3658 3216 3752 qui

446 3797 859 3871 inscribitur
950 3796 1098 3896 ⁴der
1179 3799 1496 3871 Infinitiv
1580 3799 1678 3871 im
1761 3796 1971 3875 Vcda
2058 3799 2190 3869 mit
2272 3794 2509 3889 einer⁴
2555 3798 3000 3897 Systematik
3083 3798 3215 3872 des

444 3938 874 4013 litauischen
948 3938 1095 4013 und
1171 3939 1582 4013 slavischen
1657 3940 1914 4015 Verbs.
2024 3938 2220 4035 Prag
2297 3940 2536 4012 1871?
2664 3941 2823 4031 Quo
2899 3941 3212 4036 perlecto

446 4080 767 4154 intellexi
813 4079 1103 4176 quidem
1151 4105 1268 4155 me
1315 4081 1660 4155 nonnulla
1705 4103 1892 4176 quae
1937 4079 2032 4153 ad
2080 4080 2488 4181 Rigvedam
2536 4088 2887 4177 spectant·
2917 4084 3216 4178 fugisse,

447 4220 576 4295 sed
661 4230 898 4296 tamen
982 4246 1275 4320 operam
1357 4224 1431 4295 in
1517 4246 1604 4296 ea
1668 4246 1762 4296 .re
1835 4246 1880 4295 a
1952 4226 2085 4296 me'
2144 4224 2567 4297 collocatam
2652 4248 2793 4298 non
2877 4228 3031 4297 fore
3114 4227 3215 4297 in-

447 4364 692 4437 utilem
752 4365 1140 4439 etiamnum
1188 4386 1418 4460 sper0.
1509 4368 1673 4438 Hoc
1730 4372 1967 4438 utrum
2022 4373 2215 4438 recte
2263 4363 2567 4438 dixerim
2617 4389 2859 4459 necne,
2906 4366 3216 4439 viderint

447 4506 512 4577 ei
568 4506 692 4600 qui
749 4505 840 4579 de
894 4506 1008 4579 his
1053 4507 1271 4580 rebus
1330 4505 1649 4581 iudicare
1703 4516 2027 4603 possunt.
2104 4508 2264 4597 Quo
2314 4508 2547 4603 magis
2605 4516 2839 4581 autem
2900 4506 3215 4581 admiror

443 4645 809 4741 Ludwigii
893 4652 962 4720 et
1045 4649 1304 4721 mentis
1387 4649 1854 4743 sagacitatem
1929 4656 2001 4721 et
2071 4647 2373 4721 vedicae
2452 4650 2745 4744 linguae
2820 4650 3214 4744 scientiam,

447 4789 650 4862 cuius
733 4788 835 4861 rei
918 4788 1040 4862 ille
1119 4789 1303 4863 liber
1394 4788 2061 4887 splendidissimum
2154 4789 2443 4865 exhibet
2525 4792 3037 4884 testimonium,
3129 4814 3212 4871 eo
