3911 5522
2052 358 2116 397 vl

701 533 937 607 minus
1021 533 1195 606 illud
1281 533 1456 606 mihi
1537 535 1903 629 probatur,
1989 532 2179 628 quod
2264 536 2337 606 in
2422 556 2671 607 omnes
2754 537 2877 630 qui
2962 535 3170 608 aliter
3252 541 3468 629 atque

701 676 858 770 ipse
915 678 1248 770 sentiunt⁷
1303 677 1654 771 imprimis
1720 677 1792 748 in
1851 676 2389 772 Schleieherum
2446 678 2747 772 eiusque
2804 675 3199 750 doctrinam
3256 675 3467 749 vehe-

700 821 1010 890 mentius
1067 819 1442 892 invehitur.
1519 819 2023 891 Schleieherus
2072 819 2279 911 enim,
2337 819 2540 891 euius
2598 821 3041 893 institutione
3097 842 3211 890 me
3257 842 3469 892 usum

703 985 928 1055 esse‚·
981 985 1140 1034 cum
1228 963 1448 1036 lenae
1531 962 1789 1033 litteris
1835 967 2164 1057 'operam
2241 961 2513 1055 darem,
2590 985 2875 1059 semper
2947 971 3151 1058 grato
3231 965 3467 1037 animo

699 1102 1148 1196 recordabor,
1212 1105 1380 1176 lieet
1435 1105 1506 1176 in
1563 1104 1808 1176 multis
1865 1105 2082 1176 rebus
2140 1106 2502 1197 erraverit,
2558 1112 2794 1177 tamen
2854 1105 2945 1178 (le
2999 1107 3469 1201 grammatica

701 1247 1188 1342 comparativa
1243 1270 1429 1342 quae
1484 1254 1782 1319 vocatur
1841 1256 1987 1319 tam
2046 1247 2229 1319 bene
2284 1249 2582 1320 meritus
2632 1255 2759 1340 est,
2814 1253 2892 1321 ut
2947 1248 3139 1344 apud
3198 1271 3467 1342 omnes

699 1390 822 1485 qui
887 1391 1084 1462 nulla
1150 1391 1482 1485 opinione
1547 1388 2039 1485 praeiudicata
2102 1389 2294 1462 ducti
2360 1389 2453 1461 ad
2522 1389 2700 1462 haee
2766 1389 3004 1463 studia
3069 1414 3235 1463 sese
3306 1414 3467 1464 con-

700 1533 1006 1624 tulerint,
1062 1555 1318 1605 nomen
1367 1532 1504 1603 viri
1559 1533 1754 1604 illius
1803 1533 2187 1604 clarissimi
2243 1533 2316 1604 in
2363 1532 2632 1604 honore
2687 1535 2840 1604 fore
2886 1534 3162 1628 sperari
3217 1535 3467 1629 possit.
3528 1613 3535 1622 ,

697 1675 852 1747 Nee
934 1697 1104 1746 vero
1200 1675 1432 1747 solum
1518 1674 2055 1747 Schleieherum
2140 1676 2485 1747 conviciis
2570 1678 2921 1769 exagitat,
3014 1673 3143 1746 sed
3228 1677 3465 1772 ipsum

697 1817 1074 1912 Boppium‚
1121 1817 1356 1889 virum
1407 1818 1475 1888 in
1526 1840 1600 1888 re
1651 1817 1936 1912 publica
1984 1817 2331 1890 litteraria
2380 1819 2695 1889 omnium
2748 1818 3112 1890 nationum
3152 1819 3466 1890 maxima

697 1959 930 2051 gloria
991 1958 1388 2050 florentem⁷
1464 1961 1666 2031 cuius
1742 1961 2159 2030 memoriam
2236 1982 2485 2031 onmes
2561 1960 2683 2053 qui
2758 1959 2942 2031 hane
3008 1959 3464 2056 disciplinam

697 2102 1117 2196 profitentur
1179 2101 1296 2194 pie
1365 2102 1598 2172 colere
1665 2099 1951 2193 debent,
2016 2102 2313 2194 gravius
2379 2103 2797 2194 insectatur,
2865 2125 3025 2173 cum
3092 2125 3251 2196 pag.
3314 2103 3461 2173 133

697 2243 862 2315 libri
921 2244 1033 2314 sui
1090 2244 1212 2336 qui
1259 2243 1674 2314 inscribitur
1721 2242 2289 2339 ⁸Agglutination
2346 2242 2519 2315 oder
2564 2242 2949 2338 Adaption.
2994 2243 3189 2338 Prag
3242 2241 3463 2314 1873'

699 2385 797 2456 ita
863 2383 1154 2490 iudicat:
1230 2385 1588 2480 Boppium
1654 2409 1696 2455 a
1761 2385 1969 2455 falsis
2034 2385 2406 2480 principiis
2474 2388 2867 2480 profectum
2944 2385 3013 2456 in
3082 2383 3466 2479 disciplina

701 2525 1200 2599 constituenda.
1264 2549 1402 2597 non
1473 2527 1989 2620 circumspecte
2065 2535 2277 2620 atquc
2355 2526 2802 2598 considerate
2870 2549 3037 2598 esse
3101 2536 3463 2598 versatum

699 2677 1068 2763 artemque
1143 2690 1282 2740 non
1351 2675 1494 2739 tam
1561 2670 2003 2763 argumentis
2071 2669 2489 2761 stabilitam,
2554 2691 2770 2763 quam
2836 2669 2997 2740 usui
3064 2675 3133 2739 et
3200 2689 3329 2739 suo
3399 2675 3467 2740 et

697 2812 1088 2905 legentium
1156 2810 1764 2883 accommodatam
1824 2813 2336 2907 composuisse.
2449 2813 2591 2900 Qui
2658 2813 2761 2882 sic
2831 2810 3146 2883 iudicare
3212 2818 3465 2905 potest,

699 2954 762 3024 is
822 2954 1099 3025 etiamsi
1161 2976 1409 3025 verum
1467 2976 1546 3023 se
1603 2953 1969 3025 invenisse
2024 2956 2371 3047 gloriatur
2428 2977 2708 3025 omnem
2774 2950 3063 3025 modum
3120 2951 3464 3055 excedere

699 3093 1048 3166 dicendus
1118 3104 1243 3166 est.
1355 3096 1577 3166 Recte
1643 3093 1932 3189 quidem
2001 3120 2166 3167 sese
2228 3096 2439 3167 habet
2494 3094 2690 3185 illud,
2760 3104 2833 3167 ut.
2890 3117 3168 3167 errores
3228 3094 3467 3189 depel-

698 3237 936 3308 lantur
999 3238 1266 3331 luxque
1329 3236 1586 3309 litteris
1645 3239 2009 3330 afferatur,
2078 3261 2286 3310 suum
2358 3260 2933 3329 unumquemque
2999 3246 3328 3331 oportere
3394 3238 3463 3308 in

702 3377 1012 3450 medium
1088 3382 1432 3475 proferre,
1509 3378 1637 3450 sed
1714 3379 1786 3451 id
1861 3388 1938 3451 ut
2002 3381 2126 3451 fiat
2192 3402 2276 3450 ca
2340 3402 2484 3472 qua
2550 3378 2911 3450 hominem
2973 3378 3232 3450 litteris
3298 3401 3468 3449 vere

701 3518 1054 3593 eruditum
1111 3520 1316 3592 decet
1371 3522 1670 3613 ratione,
1726 3524 1880 3594 iure
1937 3521 2287 3616 postulari
2343 3528 2595 3616 potest.

914 3768 1184 3863 Scripsi
1242 3770 1527 3841 lsenaci
1589 3769 1740 3842 Cal.
1797 3770 1968 3841 Dec.
2024 3768 2109 3841 A.
2168 3769 2827 3844 MDCCCLXXII.
