3911 5522
1739 373 1828 437 93

399 576 760 660 linguarum
805 573 1178 648 musa-itae,
1221 571 1570 646 baeti-icae,
1615 573 1896 654 persicae
1939 591 2085 635 cum
2128 567 2391 634 obiectis
2436 571 2919 655 coniungantur,
2960 575 3178 656 paucis

401 703 698 747 enarrare
743 681 948 745 liceat.
1021 681 1264 744 Omitto
1309 680 1479 742 enim
1523 677 1868 742 infinitivos
1903 699 2183 760 graecos,
2228 677 2480 752 latinos
2524 681 2785 760 gotims,
2828 702 2988 763 quos
3024 703 3176 746 eun..

407 791 552 853 dem
589 809 802 853 msam
841 807 1034 872 quem
1073 787 1332 850 verbum
1369 784 1616 848 finitum
1655 785 1979 867 postulare
2014 789 2279 848 constat.
2350 783 2609 866 Triplici
2647 793 2859 851 autem
2896 791 3081 856 modo
3118 799 3181 856 et
3294 799 3304 806 ”

403 897 466 960 in
517 895 800 982 Rigveda
855 900 917 957 et
975 893 1038 955 in
1089 895 1324 956 Avesta
1369 891 1716 955 infinitivus
1761 891 2013 955 obiecta
2056 891 2407 954 adsciscere
2450 899 2687 974 potest,
2740 893 2972 978 quippe
3016 919 3179 980 quae

401 1009 514 1067 aut
577 1002 934 1066 accusativo
997 1007 1109 1063 aut
1167 1001 1457 1082 genetivo
1513 1006 1626 1062 aut
1681 999 1896 1062 dativo
1951 1019 2101 1062 casu
2156 1005 2576 1080 aplmnautur.
2668 1001 2809 1077 Qua
2862 1003 2941 1066 de
2994 1015 3177 1087 parte

400 1109 850 1191 grammaticae
913 1107 1170 1171 redit-ae
1235 1127 1376 1170 cum
1441 1105 1804 1186 Ludwigius
1861 1105 1900 1170 l.
1955 1105 1995 1168 l.
2050 1125 2191 1188 pag.
2238 1105 2503 1168 3'1—42
2568 1105 3049 1189 diligentissime
3112 1119 3177 1176 et

401 1216 832 1300 copiosissime
877 1215 1108 1297 egerit,
1161 1234 1363 1297 pauca
1409 1219 1658 1276 tantum
1705 1213 1995 1296 exempla
2038 1213 2439 1296 proposuisse
2486 1213 2641 1277 satis
2686 1213 2909 1279 habeo.
2980 1217 3061 1280 Et
3112 1219 3179 1283 in

403 1323 690 1406 Rigveda
727 1322 1000 1406 quidem,
1035 1321 1102 1385 id
1139 1320 1308 1404 quod
1335 1318 1700 1400 Ludwigius
1735 1342 1876 1402 pag.
1903 1319 1991 1382 37
2022 1341 2155 1402 sqq.
2184 1319 2659 1396 demonstravit,
2693 1320 2879 1404 longe
2906 1325 3177 1390 maxima

403 1429 860 1494 infinitis-orum
917 1449 1066 1510 pars
1121 1449 1262 1491 eum
1307 1427 1678 1490 accusativis
1725 1427 1896 1508 iungi
1946 1426 2135 1495 solet,
2188 1425 2267 1490 cf.
2316 1425 2389 1493 Υ.
2430 1427 2531 1502 w,
2576 1429 2683 1492 10:
2738 1431 3009 1495 etavad
3058 1433 3177 1497 ved

405 1537 594 1600 achas
642 1539 815 1600 tram
859 1535 1108 1616 bhiiyo
1151 1538 1232 1596 va
1277 1534 1532 1597 datum
1579 1533 1820 1608 :ii-basi,
1873 1532 2031 1608 tale,
2076 1533 2351 1608 Aurora,
2396 1539 2467 1596 tu
2514 1535 2730 1617 plusve
2776 1535 2929 1600 dare
2976 1546 3173 1620 potes.

403 1642 742 1708 Infinitivis
789 1643 856 1706 in
901 1647 1031 1704 {um
1080 1639 1276 1704 finitis
1319 1641 1690 1723 posterioris
1735 1640 1967 1704 aetatis
2014 1645 2245 1722 quarto
2292 1639 2425 1710 sere
2470 1662 2619 1704 casu
2654 1643 2891 1725 apponi
2926 1643 3177 1710 obiecta

403 1773 480 1814 ex
542 1753 634 1815 eis
698 1771 860 1832 quae
915 1769 1056 1832 pag.
1103 1747 1370 1811 65—80
1423 1746 1754 1811 attulimus
1807 1747 2109 1830 exemplis
2164 1749 2319 1812 satis
2376 1747 2780 1830 intellegitur.
2814 1749 2841 1836 Η
2874 1749 2924 1826 Ι,
2962 1753 3067 1825 85,
3102 1754 3174 1818 9:

402 1857 632 1922 dhatta
668 1857 852 1921 indro
889 1857 1046 1938 nary
1082 1855 1352 1938 apansi
1389 1854 1732 1931 kartave,
1779 1853 1928 1938 (hoc
1966 1853 2193 1933 telum)
2230 1854 2508 1936 possidet
2547 1854 2791 1932 Indras,
2828 1865 2898 1921 ut
2938 1860 3005 1923 in
3041 1881 3176 1926 oer-

401 1965 640 2028 tamine
685 1963 968 2026 facinora
1003 1968 1342 2045 perpetret.
1377 1961 1402 2046 Ιῇ
1436 1959 1612 2036 VIII,
1649 1963 1754 2036 60,
1799 1961 1909 2024 15:
1954 1962 2167 2043 agnini
2206 1959 2483 2025 dvesho
2518 1961 2823 2045 yotavai
2860 1985 2942 2028 no
2978 1969 3175 2050 grini-

402 2073 588 2146 masi,
643 2071 902 2152 Agnim,
953 2068 1200 2132 hostem
1247 2076 1318 2132 ut
1363 2067 1668 2150 depellat,
1714 2065 2119 2132 celebramus..
2194 2067 2334 2144 VII,
2372 2069 2476 2142 86,
2514 2069 2586 2132 3:
2640 2069 2767 2151 tipo
2814 2071 2937 2134 emi
2984 2072 3174 2137 ciki-

405 2177 632 2242 tiisho
689 2176 1132 2260 vipricham,
1195 2195 1270 2238 eo
1325 2175 1642 2258 sapientes
1697 2180 2005 2256 rogatum.
2054 2173 2082 2260 ΙΙ
2134 2173 2183 2248 1,
2222 2175 2325 2250 23,
2362 2175 2477 2238 21:
2540 2181 2793 2256 sfiryam
2848 2175 3049 2258 driqe,
3106 2187 3177 2244 ιιι

401 2284 598 2348 solem
651 2284 915 2346 videam.
989 2281 1104 2356 111,
1139 2283 1246 2356 41,
1281 2281 1352 2344 9:
1407 2279 1674 2344 barhir
1726 2281 1979 2354 timide,
2036 2287 2109 2343 ut
2155 2281 2219 2344 in
2266 2281 2549 2362 stragulo
2594 2284 2901 2346 considas,
2937 2283 2963 2370 ΙΙ
2995 2285 3175 2362 vm,

403 2393 466 2468 4,
507 2391 614 2454 17:
651 2387 812 2453 remi
847 2393 976 2453 tva
1011 2388 1300 2470 pushann
1339 2388 1654 2468 rinjase,
1693 2389 1918 2462 exc-ito,
1958 2385 2233 2462 Pushau,
2269 2387 2351 2450 ad
2389 2396 2455 2450 te
2492 2389 2999 2454 desiderandum.
3057 2391 3174 2467 ΙΙΙ,

403 2498 510 2573 30,
551 2499 662 2562 1οι
707 2501 905 2579 sugan
951 2494 1148 2578 patho
1193 2495 1464 2574 akrinon
1509 2493 1758 2576 niraje
1805 2494 1977 2576 gab,
2023 2495 2271 2576 pervias
2320 2493 2469 2558 fecit
2517 2495 2666 2571 vias»,
2712 2503 2783 2560 ut
2828 2496 3018 2561 boves
3066 2519 3173 2562 ex-

401 2603 682 2687 pelleret.
715 2603 742 2688 ΙΙ
776 2602 851 2678 Υ,
887 2603 993 2678 30,
1028 2603 1099 2665 9:
1143 2601 1382 2684 athdpa
1427 2601 1608 2682 praid
1654 2599 1997 2682 yudhziye
2042 2599 2351 2682 dasyum
2393 2601 2643 2680 indrah,
2688 2608 2839 2666 tune
2884 2605 3175 2685 praeivit,

401 2717 475 2775 ut
529 2709 778 2774 hostem
832 2710 1259 2793 impugnaret,
1315 2706 1556 2771 IndraS.
1641 2706 1816 2783 VIII,
1853 2707 1959 2783 33,
2002 2707 2109 2771 13:
2164 2705 2361 2772 endra
2414 2707 2564 2791 yahi
2620 2711 2879 2794 pitziye
2934 2711 3171 2777 madhu

401 2817 732 2899 eavishtha
777 2819 1076 2899 somyam,
1121 2817 1368 2891 adveni,
1411 2814 1850 2878 robustissime
1896 2813 2110 2891 Indra,
2158 2821 2228 2878 ιιι
2273 2814 2519 2879 dulcem
2564 2837 2803 2880 somam
2848 2817 3047 2895 bibas,
3092 2818 3169 2885 cf.

403 2924 578 3001 VIII,
615 2925 720 3000 86,
759 2924 816 2988 8.
867 2924 892 3009 ΙΙ
946 2923 994 2999 Ι,
1031 2924 1136 2999 61,
1174 2924 1244 2986 3:
1309 2922 1542 2998 surim
1609 2920 2241 3003 vavridhadhyai,
2304 2927 2378 2985 ut
2440 2924 2791 3005 sapientem
2856 2924 3172 3010 (Indrain)

405 3030 800 3114 amplificem.
877 3030 924 3107 1,
961 3032 1066 3106 61,
1103 3030 1174 3094 5:
1221 3034 1398 3093 asma
1445 3028 1508 3093 id
1557 3051 1598 3091 ιι
1637 3030 1868 3111 saptim
1906 3030 2009 3092 iva
2044 3025 2769 3112 qravasyendraymkam
2799 3024 2999 3115 juhvfi
3038 3036 3171 3097 sain

401 3139 550 3221 anje
589 3140 600 3221 1
641 3140 880 3215 viram
929 3136 1442 3213 danatikasam
1491 3134 1998 3217 vandadhyai,
2045 3135 2135 3199 illi
2183 3138 2403 3219 utique
2440 3135 2671 3200 Indrae
2718 3160 2947 3221 equum
2992 3140 3169 3222 quasi

403 3244 528 3309 cibi
574 3246 891 3309 desiderio
937 3244 1236 3328 hymnum
1283 3243 1500 3327 lingua
1547 3244 1760 3323 iungo,
1805 3250 1876 3305 ut
1921 3242 2129 3305 virum
2173 3244 2354 3307 donis
2392 3244 2819 3309 abundantem
2859 3246 3171 3310 extollam.

405 3350 544 3427 VII,
582 3352 686 3427 34,
725 3352 840 3416 24:
897 3352 1092 3435 rayalj
1141 3356 1358 3432 syama
1405 3350 1761 3427 dhariinam
1811 3348 2227 3431 dhiyadhyai,
2282 3350 2474 3414 simus
2522 3352 2605 3426 ei,
2652 3354 2759 3433 qui
2807 3353 3173 3417 divitiarum

401 3458 880 3523 fundamentum
955 3458 1368 3523 obtineamus
1463 3457 1570 3533 vl,
1607 3458 1712 3533 60,
1757 3458 1864 3521 12:
1937 3461 2103 3537 actm
2166 3459 2465 3540 pipi-itam
2530 3458 2792 3537 arvatab
2856 3462 2863 3541 Ι
2922 3460 3170 3523 indi-ani

400 3565 614 3647 agm'm
653 3586 728 3629 ca
765 3564 1046 3644 vdlhave,
1083 3564 1326 3628 veloces
1363 3545 1680 3645 largimini
1712 3584 1906 3647 equos
1935 3565 2019 3628 ad
2048 3564 2305 3628 Indi-am
2336 3564 2689 3648 Agnimque
2716 3564 3169 3629 adducendum.

579 3672 934 3736 Bactrica
983 3670 1048 3736 id
1093 3692 1288 3754 genus
1335 3670 1622 3753 exempla
1666 3672 1786 3734 etsi
1835 3670 2134 3735 rariora
2180 3676 2329 3735 sunt
2374 3672 2625 3745 redit-is
2670 3678 2881 3735 tamen
2930 3672 2985 3736 si
3023 3694 3169 3736 con-

403 3778 888 3843 sideraverimus
935 3778 1002 3843 in
1049 3778 1334 3860 Rigveda
1379 3776 1579 3841 multo
1625 3777 1836 3860 plures
1883 3798 2071 3861 quam
2117 3778 2181 3841 in
2222 3778 2453 3842 Avesta
2499 3778 2761 3861 reperiri
2810 3776 3171 3855 ἰιιῆιιίιίνοε,

401 3884 629 3969 quibus
676 3885 928 3949 obieeta
971 3885 1194 3949 addita
1237 3890 1412 3959 sunt,
1457 3884 1684 3947 horum
1733 3884 2163 3967 exemplorum
2210 3904 2503 3949 numerus
2552 3884 2725 3948 haud
2771 3886 2863 3949 ita
2909 3886 3169 3969 exiguus

401 3992 735 4056 videbitur.
810 3992 900 4055 Cf.
939 3993 1035 4056 vd.
1075 3992 1136 4067 5,
1175 3991 1289 4055 79:
1335 3989 1708 4072 khshayeite
1745 3990 2249 4056 he....cithao
2287 3990 2826 4074 apanharstee,
2862 3999 3073 4077 potest
3110 3994 3169 4059 ei

401 4120 740 4181 ...poenas
781 4100 1118 4163 remittere.
1151 4098 1176 4182 ΙΙ
1207 4119 1265 4181 y.
1303 4098 1364 4173 9,
1395 4097 1510 4162 82:
1558 4098 1930 4180 drajanhe
1968 4098 2540 4179 aiwidhaitiqca
2576 4100 2845 4180 gruqca
2886 4100 3168 4165 methra-

403 4204 510 4283 he,
571 4211 646 4268 ιιι
709 4212 928 4269 tueare
992 4205 1286 4287 legesque
1349 4212 1812 4289 praeceptaque
1878 4204 2229 4271 Manthrae.
2320 4226 2375 4288 y.
2413 4204 2519 4281 50,
2556 4206 2625 4268 9:
2691 4205 3167 4289 rashayanhe

293 4352 302 4363 -
401 4313 920 4394 dregvafitem,
957 4311 1040 4377 ad
1077 4311 1532 4376 vulnerandum
1571 4312 1820 4375 malum.
1891 4334 1948 4395 y.
1986 4312 2094 4388 43,
2133 4312 2246 4376 2οε
2284 4317 2615 4395 vectrem
2652 4311 3048 4389 fradaiihe,
3085 4315 3165 4378 ad

399 4418 700 4501 pabulum
747 4417 1119 4500 augendum.
1191 4438 1248 4501 y.
1288 4418 1394 4493 29,
1430 4418 1498 4481 8:
1556 4418 2107 4482 carekarethra
2154 4419 2653 4502 Qravayafihe,
2698 4440 2832 4505 ‘zur
2880 4418 3165 4483 Verkiin-

400 4525 642 4607 digung
695 4524 811 4587 der
863 4522 1257 4589 Hilfsmittel’
1309 4522 1492 4607 (Iust.
1541 4544 1588 4587 s,
1629 4546 1680 4588 v.
1725 4525 2222 4611 carolem-ethra).
2258 4526 2283 4613 Η
2314 4548 2370 4609 y.
2408 4526 2514 4602 34,
2551 4524 2621 4591 5:
2679 4525 3165 4609 thrayoidyai

401 4632 722 4713 drigum,
759 4631 1034 4695 nutriam
1071 4651 1426 4715 pauperem.
1501 4652 1557 4713 y.
1595 4631 1701 4707 42,
1747 4632 1806 4695 l:
1851 4632 2105 4697 ashem
2140 4634 2527 4717 deredyAi,
2564 4640 2637 4697 ut
2674 4632 3013 4715 puritatem
3052 4631 3165 4697 ob—

401 4736 656 4800 tineam.
727 4756 786 4819 y.
825 4737 931 4811 50,
969 4738 1085 4801 2οε
1139 4744 1238 4815 tat
1291 4734 1837 4819 ve....daidyai
1893 4738 2101 4818 cavo,
2155 4740 2320 4804 hane
2375 4738 2943 4823 voe....praebete
2991 4740 3164 4803 utili—

403 4848 620 4907 tatem.
694 4862 751 4925 γ.
791 4842 896 4918 29,
935 4844 1003 4907 8:
1057 4842 1212 4925 hyat
1263 4842 1372 4906 hai
1429 4842 1812 4907 hudemem
1868 4846 2067 4927 dyai,
2123 4848 2182 4909 ei
2238 4846 2581 4911 sollertiam
2628 4846 2931 4923 tribuam,
2986 4844 3061 4911 of.
3106 4866 3161 4935 y.
