3911 5522
1087 1531 1214 1612 De
1267 1528 1690 1613 infinitivi
1745 1531 1832 1612 vi
1889 1533 1981 1613 et
2033 1533 2375 1614 natura.

523 1849 788 1918 Constat
833 1851 1002 1916 inter
1047 1873 1279 1928 omnes,
1325 1850 1432 1935 qui
1479 1851 1546 1916 in
1593 1852 1820 1916 studiis
1865 1851 2295 1935 grammaticis
2338 1859 2687 1930 versantur,
2732 1853 2835 1918 vix
2872 1853 2953 1918 de
2986 1855 3119 1920 ulla

341 1979 412 2022 re
483 1959 784 2023 maiorem
855 1960 1132 2024 virorum
1204 1960 1533 2024 doctorum
1607 1957 1798 2024 fuisse
1863 1960 2317 2024 dissensionem
2382 1981 2582 2044 quam·
2637 1960 2715 2024 de
2782 1961 3115 2026 infinitivo.

341 2065 398 2128 A
445 2063 672 2130 Stoicis
727 2065 919 2142 enim,
973 2068 1081 2150 qui
1139 2087 1278 2131 cum
1323 2065 1512 2149 primi
1557 2087 1708 2130 suae
1752 2067 2033 2150 ipsorum
2077 2066 2517 2154 philosophiae
2564 2067 2811 2131 ratione
2856 2067 3116 2132 adducti

341 2172 694 2237 universam
743 2174 1216 2254 grammaticam
1263 2196 1374 2257 per
1419 2195 1486 2236 se
1532 2173 1732 2256 ipsam
1778 2195 1852 2237 ae
1897 2179 2099 2237 totam
2146 2174 2541 2238 tractandam
2588 2175 2880 2256 aggressi
2908 2183 3117 2240 essent

341 2277 718 2344 infinitivum
783 2281 984 2344 solum
1039 2279 1298 2345 verbum
1351 2301 1490 2344 esse
1545 2285 1948 2357 censuerunt,
2019 2301 2233 2346 omnes
2289 2287 2531 2345 ceteras
2586 2278 2885 2344 flexiones
2938 2281 3115 2346 verbi

341 2383 854 2473 κατηγορήματα
899 2388 998 2451 vel
1045 2381 1436 2470 συμβάματα
1473 2395 1916 2472 nuncuparunt
1937 2389 2007 2474 ¹),
2053 2408 2247 2472 usque
2286 2387 2370 2451 ad
2404 2387 2775 2450 recentioris
2814 2389 3115 2471 temporis

340 2494 799 2572 grammaticos,
843 2495 952 2578 qui
998 2493 1294 2558 infinitivi
1342 2500 1408 2558 et
1451 2495 1578 2558 vim
1623 2500 1689 2559 et
1725 2515 1906 2558 usum
1945 2495 2259 2578 explicare
2299 2493 2657 2572 studebant,
2704 2493 2785 2558 ab
2824 2483 3113 2559 omnibus

342 2599 474 2663 fere
529 2601 734 2666 varias
790 2602 869 2666 de
923 2623 998 2665 ea
1043 2624 1112 2665 re
1157 2606 1224 2665 et
1269 2601 1698 2686 discrepantes
1743 2600 2089 2668 sententias
2134 2601 2416 2686 prolatas
2462 2615 2599 2666 esse
2644 2602 2945 2666 videmus,
3024 2601 3116 2665 Ac

339 2712 622 2773 veterum
668 2709 922 2793 quidem
968 2711 1519 2793 grammaticorum
1565 2709 1802 2795 placita
1847 2709 1926 2773 de
1973 2707 2303 2786 infinitivo,
2352 2730 2511 2793 quae
2548 2708 2867 2773 interdum
2902 2708 3115 2773 hario-

338 2814 608 2879 lantium
647 2837 781 2881 esse
818 2817 1129 2896 videntur,
1170 2816 1440 2882 historia
1476 2818 1634 2883 duce
1663 2817 1957 2900 deinceps
1988 2837 2283 2881 enarrare
2312 2822 2377 2880 et
2406 2816 2561 2900 quid
2588 2822 2831 2881 rectum
2858 2816 3115 2879 falsum-

340 2944 414 2987 ve
461 2923 545 2987 sit
590 2923 950 2988 examinare
995 2945 1070 2989 ac
1112 2925 1464 3009 ponderare
1503 2924 1622 2989 hoc
1658 2924 1794 2989 loco
1830 2944 1955 2988 non
1993 2946 2201 2989 meum
2239 2944 2373 2988 esse
2411 2924 2719 2988 existimo.
2794 2924 2967 3000 Quae
3007 2923 3115 3007 q'ui

339 3030 698 3095 accuratius
754 3052 1126 3113 cognoscere
1181 3032 1418 3113 volent,
1475 3052 1580 3095 eos
1627 3031 1819 3096 reicio
1866 3032 1948 3095 ad
1996 3032 2551 3095 commentationes
2598 3030 3010 3095 scholasticas
3055 3052 3111 3095 a.

348 3136 516 3201 1826
555 3159 686 3221 sqq.
727 3138 930 3203 editas
967 3158 1008 3202 a
1043 3138 1126 3203 M.
1167 3138 1536 3215 Schmidtio,
1573 3137 1880 3222 gymnasii
1915 3124 2377 3203 Ratiborieusis
2416 3142 2481 3201 et
2519 3137 2584 3201 C.
2622 3138 2693 3201 E.
2724 3137 2795 3201 A.
2826 3136 3115 3201 Schmid-

339 3244 460 3322 tio,
516 3245 824 3329 gymnas—ii
871 3244 1410 3311 Premislaviensis
1463 3245 1997 3330 praeceptoribus,
2069 3244 2423 3309 Novissime
2478 3250 2745 3325 egerunt
2799 3245 2878 3308 de
2924 3266 3001 3308 ea
3046 3266 3115 3307 re

339 3350 640 3431 Baderus,
680 3354 988 3437 gymnasii
1026 3352 1564 3437 Schleusingensis
1599 3357 1992 3436 praeceptor,
2030 3353 2137 3436 qui
2174 3353 2242 3415 in
2280 3350 2806 3417 commentatione
2842 3374 2897 3415 a.
2944 3353 3115 3425 1861)

341 3456 516 3521 edita
569 3460 1120 3541 grammaticorum
1173 3482 1542 3543 graecorum
1599 3460 1678 3525 de
1723 3458 2023 3524 infinitivi
2065 3466 2299 3525 natura
2340 3458 2577 3541 placita
2624 3457 3004 3523 examinavit
3050 3464 3115 3521 et

339 3562 808 3631 Schoemannus
853 3568 920 3631 in
964 3566 1129 3631 libro
1175 3568 1285 3650 qui
1328 3566 1696 3633 inscribitur
1739 3567 1948 3632 Lehre
1994 3588 2118 3632 von
2163 3569 2286 3631 den
2322 3566 2735 3630 Redetheilen
2782 3563 2943 3627 nach
2991 3564 3113 3628 den

341 3671 550 3748 Alten,
587 3672 802 3736 Berlin
845 3674 1033 3738 1862.
1090 3674 1298 3758 Atque
1333 3674 1438 3739 hic
1467 3676 1719 3760 quidem
1747 3676 2061 3739 rationem
2088 3673 2284 3738 habet
2311 3692 2545 3749 eorum,
2583 3692 2743 3755 quae
2777 3669 3111 3749 GRIMMI,

337 3778 606 3855 ΒΟΡΡΙ,
649 3778 915 3857 ΡΟΤΤΙ,
955 3780 1260 3854 CURTII,
1299 3780 1567 3847 aliorum
1604 3782 1831 3847 studiis
1869 3781 2141 3845 assiduis
2173 3785 2239 3844 et
2275 3777 2615 3861 ingeniosis
2653 3778 2911 3841 inventa
2947 3782 3111 3855 sunt,

339 3886 446 3950 ille
485 3906 559 3949 ea
595 3886 806 3951 omnia
841 3888 1029 3972 pla-ne
1065 3889 1414 3971 neglexisse
1451 3890 1721 3968 videtur,
1761 3910 1904 3952 cum
1941 3888 2007 3950 in
2047 3894 2329 3951 extrema
2366 3885 2891 3950 commentatione
2929 3906 2986 3968 p.
3032 3885 3113 3947 14

339 3992 514 4057 hisce
549 3993 756 4058 verbis
794 3995 874 4057 de
911 3993 1224 4060 infinitivo
1255 3995 1522 4061 iudicat:
1562 3995 1646 4059 ad
1672 3994 1842 4058 hunc
1867 3994 2124 4077 perveni
2153 3992 2541 4076 quaestionis
2568 3988 2777 4067 finem,
2812 3996 2885 4053 ut
2911 4010 3115 4075 neque

338 4120 596 4183 prorsus
650 4100 733 4165 ad
786 4100 963 4165 verbi
1019 4102 1258 4186 species
1314 4101 1860 4166 adnumerandum
1913 4099 2294 4163 infinitivum
2346 4120 2549 4182 neque
2597 4098 2849 4163 omnino
2896 4097 2976 4161 ab
3024 4097 3114 4162 eis

340 4206 818 4291 discerpendum
865 4229 999 4273 esse
1045 4214 1338 4286 statuam,
1385 4210 1494 4273 sed
1542 4206 1985 4273 vocabulorum
2033 4206 2350 4291 quoddam
2387 4226 2581 4289 genus
2620 4204 2868 4269 efficere
2906 4204 3113 4269 medio

339 4313 508 4378 inter
549 4313 804 4379 verbum
843 4320 908 4379 et
945 4338 1172 4381 nomen
1211 4315 1672 4381 substantivum
1707 4316 1844 4381 loco
1881 4316 2173 4399 positum.
2248 4312 2385 4377 Hoc
2420 4314 2639 4396 utique
2676 4312 2903 4376 mirum
2942 4310 3113 4375 vide-

337 4420 534 4499 bitur,
579 4421 634 4485 si
679 4422 1146 4488 meminerimus
1193 4424 1318 4487 iam
1365 4429 1514 4489 ante
1557 4422 1700 4507 plus
1748 4442 1936 4507 quam
1975 4420 2434 4506 quinquaginta
2469 4440 2667 4483 annos
2702 4418 3013 4501 Boppium
3050 4418 3117 4481 in

523 4601 562 4666 ¹)
615 4599 942 4669 Apollonius
979 4599 1248 4672 Dyscolus
1295 4600 1352 4655 in
1401 4600 1542 4655 libro
1591 4552 1686 4669 i1ui
1733 4607 1818 4655 est
1855 4601 1990 4671 περὶ
2027 4593 2350 4664 συντάξεως
2386 4598 2428 4663 1,
2467 4598 2517 4663 8,
2558 4614 2609 4665 p.
2649 4596 2733 4651 31.
2808 4594 3113 4651 Stoicorum

338 4687 674 4743 sententiam
721 4688 804 4744 ita
847 4690 1048 4744 refert:
1095 4687 1151 4746 οὶ
1198 4686 1312 4745 ἀπὸ
1359 4694 1458 4759 τῆς
1495 4692 1684 4753 Στοᾶς
1722 4684 1860 4745 αὐτὸ
1898 4688 2009 4757 μὲν
2046 4683 2139 4759 (τὸ
2179 4682 2623 4757 ἀπαρέμφατον)
2662 4686 2903 4739 καλοῦσι
2942 4682 3111 4756 ῥῆμα,

335 4772 405 4831 τὸ
462 4775 523 4831 δὲ
580 4786 964 4849 περιπατεῖ
1009 4782 1107 4833 καὶ
1161 4774 1416 4851 γράφει
1472 4773 1848 4851 κατηγόρημα
1901 4770 1939 4849 ἢ
1996 4774 2267 4848 σύμβαμα
2314 4777 2410 4830 καὶ
2460 4768 2542 4829 ἔτι
2588 4770 2688 4839 τὰς
2732 4768 2847 4829 ἀπὸ
2894 4768 3115 4829 τούτων

339 4859 638 4937 ἐγκλίσεις.
1135 4926 1138 4931 ,
2584 4862 2597 4877 ”

473 4967 698 5017 wilhelm,
727 4966 782 5008 de
812 4966 1058 5019 r'ufim'tt'vo.
2654 4956 2685 5010 Ῑ
