3911 5522
2094 339 2180 404 64

753 533 1046 600 enumek:
1099 533 1383 600 ETATU
1428 534 1844 600 IKUVINUS
1883 567 1971 592 =
2008 536 2159 602 Tab.
2200 537 2319 602 VIb
2366 535 2479 601 63:
2526 557 2645 600 eno
2691 535 2897 601 deitu:
2944 537 3219 603 ETATO
3266 536 3527 604 IJOVI-

749 641 808 706 N
813 641 947 718 UR,
983 642 1044 706 h.
1083 665 1134 706 e.
1172 648 1324 707 tunc
1350 643 1573 706 dicito:
1613 643 1911 719 itatum,
1948 643 2213 726 Iguvini,
2253 665 2377 728 quo
2405 644 2542 708 loco
2571 643 2839 708 fortasse
2867 643 2996 708 tale
3024 644 3302 722 verbum,
3340 646 3524 729 quale

751 752 849 813 est
885 748 1246 835 ‘veniamus'
1285 749 1669 831 cogitatione
1706 750 2125 833 supplendum
2163 757 2277 828 est,
2321 757 2395 815 ut
2432 753 2725 834 supinum
2761 751 2929 816 unde
2964 753 3241 834 pendeat
3275 752 3524 816 habeat.

751 855 1113 921 Verisimile
1152 863 1247 920 est
1287 858 1478 920 etiam
1518 859 1584 918 in
1619 854 1864 920 formis:
1914 865 2256 939 vacetum
2296 860 2403 923 ise
2440 856 2623 946 (Tab.
2663 857 2722 922 1¹³
2774 857 2842 946 8)
2871 889 2959 915 =
2986 866 3325 940 vacetom
3362 859 3527 924 efust

751 962 932 1048 (Tab.
970 962 1087 1028 VIb
1132 963 1277 1049 47),
1322 963 1432 1027 ubi
1481 963 1735 1028 tabulae
1783 966 2195 1050 ‘vacetumise’
2244 973 2309 1030 et
2353 970 2677 1052 ‘vaqetome
2721 965 2876 1046 111-319
2925 963 3250 1043 exhibent,
3300 969 3527 1050 supina

749 1070 966 1134 latere.
1039 1069 1253 1134 Latini
1291 1077 1504 1134 autem
1542 1091 1668 1135 non
1705 1072 1892 1136 modo
1929 1072 2140 1136 verb‘is
2178 1073 2390 1152 eundi,
2440 1073 2749 1150 veniendi,
2788 1073 3081 1137 mittendi
3117 1080 3181 1138 ot
3216 1075 3370 1150 sim„
3414 1075 3527 1138 sed

751 1178 1005 1242 omnino
1053 1177 1142 1242 eis
1187 1177 1424 1254 11011113,
1471 1179 1538 1241 111
1584 1178 1814 1260 quibus
1859 1176 2004 1244 finis
2051 1179 2420 1264 consiliique
2466 1177 2844 1264 significatio
2890 1181 3074 1256 inest,
3120 1179 3415 1264 supinum
3462 1183 3525 1245 in

749 1289 882 1348 tum
929 1284 1225 1349 desinens
1271 1285 1365 1348 ita
1411 1284 1838 1361 subiecerunt,
1883 1291 1959 1349 ut
2005 1288 2294 1372 ‘recipere
2340 1287 2614 1370 aliquem
2662 1309 2969 1364 sessum,
3016 1286 3524 1364 comissatum,

751 1387 925 1470 cla-re,
967 1392 1271 1456 collocare
1307 1391 1496 1455 alicui
1533 1392 1812 1474 aliquam
1839 1399 2181 1476 nuptum,
2220 1395 2501 1458 dividere
2529 1397 2740 1476 copias
2768 1392 3195 1458 hiematum’
3222 1394 3523 1460 dicerent.

929 1499 1086 1562 Cum
1129 1499 1230 1562 his
1277 1499 1562 1580 quamvis
1607 1521 1864 1582 prorsus
1911 1507 2263 1582 congruant
2310 1501 2595 1584 exempla
2640 1522 2718 1564 ex
2763 1501 2983 1584 lingua
3018 1521 3215 1566 sansc.
3253 1503 3523 1584 posteri-

749 1604 877 1668 oris
914 1606 1143 1669 aetatis
1181 1605 1400 1689 petita,
1439 1587 1652 1689 qualia
1687 1605 1951 1690 legimus
1988 1607 2117 1671 Hit.
2154 1607 2253 1684 15,
2287 1608 2351 1671 7:
2389 1607 2798 1686 bandhanam
2836 1608 2922 1673 011
2934 1614 3171 1687 ettum
3208 1615 3524 1674 satvaram

748 1713 1224 1795 upasarpati,
1269 1712 1542 1777 vinclum
1579 1713 1906 1778 solutum
1941 1712 2319 1780 festinanter
2355 1715 2580 1791 adiit,
2626 1715 2733 1793 47,
2774 1714 2885 1779 17:
2934 1717 3231 1798 paniyam
3266 1720 3525 1799 patum

746 1819 1292 1900 yamunakacham
1337 1839 1544 1902 agam
1559 1825 1661 1896 at,
1708 1841 1938 1907 aquam
1983 1820 2308 1886 bibitum
2355 1823 2437 1886 ad
2476 1822 2800 1886 Yamunae
2846 1823 3052 1905 ripam
3099 1823 3265 1900 ivit,
3310 1829 3524 1887 tamen

749 1921 1132 1989 infinitivum
1177 1947 1376 2010 aeque
1421 1948 1496 1991 ac
1541 1926 1792 1991 vedieos
1838 1927 2084 1993 dativos
2130 1929 2214 1992 ad
2258 1926 2447 1993 finem
2484 1929 2945 2010 designandum
2982 1951 3115 1995 esse
3150 1935 3524 2013 usurpatum

747 2030 848 2095 his
897 2031 1051 2096 locis
1087 2032 1496 2116 perspicitur:
1543 2033 1676 2098 Hit.
1720 2033 1864 2111 127,
1909 2035 1972 2098 11
2016 2036 2379 2114 mandukan
2416 2036 2842 2114 udvodhum
2878 2042 3021 2100 atra
3056 2036 3407 2118 tishthami,
3454 2043 3524 2101 ut

748 2159 935 2203 ranas
980 2147 1252 2222 portem,
1298 2140 1402 2205 hic
1447 2145 1572 2217 st03
1619 2141 1725 2217 93,
1763 2141 1878 2206 21:
1923 2143 2068 2224 raja
2112 2145 2653 2226 mantrayitum
2699 2143 3163 2227 upavishtha
3210 2145 3365 2222 aha,
3412 2167 3524 2210 rex

747 2253 1082 2329 postquam
1145 2247 1229 2311 ad
1285 2247 1763 2312 deliberandum
1819 2235 2131 2325 consedit,
2195 2249 2383 2325 dixit3
2447 2249 2699 2331 Bhartr.
2740 2252 2834 2314 ed.
2872 2252 3052 2316 Bohl.
3090 2251 3172 2328 ΙΙ,
3209 2252 3325 2316 961
3391 2255 3523 2316 tam

748 2339 1076 2436 aradhaya
1130 2353 1476 2436 satkriyam
1528 2355 1938 2436 bhagavatim
1995 2355 2353 2420 bhoktum
2411 2357 2668 2439 phalam
2723 2358 3111 2435 vafichitam,
3166 2358 3343 2422 illam
3388 2359 3523 2423 cole

747 2457 898 2525 boni
943 2461 1150 2543 operis
1199 2462 1410 2538 deam,
1454 2468 1526 2525 ut
1573 2462 1786 2526 fruare
1831 2462 2043 2527 fructu
2088 2467 2412 2546 exoptatO,
2460 2486 2582 2548 quo
2628 2465 2767 2530 loco
2813 2487 2938 2530 non
2984 2487 3140 2548 opus
3188 2474 3285 2532 est
3330 2466 3525 2531 verba

747 2567 822 2652 ‘si
868 2566 978 2631 vis’
1035 2588 1112 2632 ex
1169 2567 1478 2632 adiectivo
1535 2567 1902 2634 vasschitam
1958 2570 2275 2653 supplere,
2329 2578 2402 2635 ut
2447 2573 2765 2638 Bohlenus
2818 2573 2981 2650 vult,
3036 2573 3145 2656 qui
3191 2581 3521 2639 comment.

745 2694 888 2757 pag.
935 2674 1060 2738 211
1123 2675 1506 2740 scholiasten
1559 2677 1843 2759 sequitur
1897 2677 1993 2740 ita
2044 2677 2593 2760 interpretantem:
2647 2681 2795 2765 yadi
2852 2679 3211 2745 vaflchitam
3266 2681 3523 2765 phalam

745 2781 1057 2847 bhoktum
1096 2783 1348 2861 icchasi,
1387 2784 1440 2849 si
1479 2790 1776 2868 exoptato
1814 2783 2029 2849 fructu
2064 2784 2191 2849 frui
2230 2786 2337 2850 vis,

924 2890 1148 2955 Altera
1199 2912 1348 2973 pars
1395 2889 1848 2955 infinitivorum
1879 2894 2255 2985 'vedicorum
2302 2893 2531 2958 obiecti
2580 2896 2749 2978 quod
2796 2895 3031 2960 dicitur
3074 2916 3332 2961 munere
3378 2895 3522 2960 fuu-

629 3010 634 3017 ·
746 2996 936 3080 gitur,
973 2997 1206 3081 quippe
1245 3018 1406 3081 quae
1445 3018 1520 3062 ex
1557 2999 1766 3063 verbis
1803 2998 1996 3083 (arh,
2032 3021 2145 3078 av,
2182 3022 2291 3081 ac,
2326 3022 2486 3082 vac,
2522 3002 2673 3077 vid,
2710 3003 2875 3089 cak)
2906 3025 3069 3087 quae
3098 3004 3523 3069 accusativum

747 3103 977 3167 obiecti
1025 3104 1365 3181 asciscunt,
1409 3106 1710 3188 pendeat,
1757 3112 1830 3169 ut
1876 3106 1951 3184 V,
1992 3106 2095 3184 79,
2137 3110 2247 3172 10:
2298 3106 2555 3172 datum
2602 3108 2887 3185 arhasi,
2933 3111 3087 3174 dare
3133 3116 3329 3192 poteS.
3405 3110 3522 3188 111,

745 3210 852 3286 48,
895 3211 960 3274 11
1027 3210 1220 3293 sadyo
1279 3210 1367 3275 ha
1415 3210 1556 3295 jato
1610 3212 2001 3293 vrishabhah
2054 3214 2336 3293 kani'nah
2390 3216 2889 3298 prabhartum
2946 3217 3135 3280 avad
3190 3216 3521 3296 andhasah

746 3323 1027 3400 sutasya,
1081 3319 1268 3383 modo
1323 3324 1510 3382 natus
1567 3320 1861 3384 iuvencus
1915 3320 2144 3386 afferre
2199 3322 2429 3386 avebat
2484 3321 2713 3387 herbas
2770 3344 2997 3387 somae.
3079 3323 3188 3400 IV,
3228 3325 3285 3399 8,
3322 3324 3391 3387 31
3447 3325 3521 3388 sa

743 3425 932 3489 veda
967 3426 1129 3489 deva
1165 3427 1501 3503 auamam
1540 3428 1758 3503 devan,
1798 3427 1951 3491 deus
1980 3429 2099 3491 scit
2126 3430 2443 3493 adducere
2472 3430 2638 3495 (1003.
2697 3429 2745 3506 Ι,
2773 3429 2880 3506 94,
2908 3430 2949 3493 3
2978 3458 3064 3485 =
3094 3429 3215 3493 SV.
3245 3429 3328 3506 ΙΙ,
3355 3429 3518 3495 4161

746 3528 1050 3613 cakema
1095 3536 1203 3596 tva
1249 3532 1689 3609 sam'idham,
1741 3535 1987 3597 utinam
2031 3536 2339 3618 possimus
2384 3542 2451 3599 te
2496 3538 2852 3601 accendere.
2928 3536 3005 3612 X,
3042 3537 3147 3613 44,
3186 3536 3256 3601 61
3313 3539 3397 3601 na
3442 3535 3519 3620 ye

746 3638 978 3717 ceklir
1022 3638 1341 3721 yajniyfun
1387 3644 1614 3704 navam
1660 3642 1972 3705 aruham
2014 3643 2283 3707 irmaiva
2328 3641 2393 3705 te
2438 3664 2523 3725 ny
2568 3644 2862 3725 avicanta
2897 3641 3202 3726 kepayah,
3247 3645 3355 3727 qui
3392 3666 3521 3708 11011

741 3750 1086 3827 potuerunt
1131 3766 1341 3811 sacras
1386 3768 1577 3811 naves
1625 3750 2061 3824 conscendere,
2104 3750 2228 3814 1100
2274 3750 2408 3815 1000
2456 3750 2513 3814 01
2560 3752 2979 3815 consederunt
3022 3756 3365 3816 trementes
3412 3752 3518 3837 (ἲ).

923 3849 1000 3913 In
1025 3852 1416 3918 Zendavesta
1453 3855 1758 3919 eiusmodi
1790 3854 2169 3919 infinitivum
2196 3858 2448 3939 repperi
2476 3856 2736 3922 nullum.
2792 3857 2953 3921 Nam
2988 3858 3519 3943 ‘raodliayamss

745 3956 914 4040 quod
950 3960 1303 4041 exemplum
1341 3960 1622 4044 Roppius
1659 3961 1742 4037 ΙΙ,
1777 3986 1836 4045 p.
1873 3960 2005 4025 505
2044 3962 2231 4027 affert
2268 3985 2345 4027 ex
2382 3964 2651 4027 Vendid.
2690 3964 2798 4027 VI.
2834 3966 2939 4027 10:
2976 3965 3110 4046 yezi
3149 3985 3343 4045 vacen
3379 3967 3522 4029 aete

744 4065 1169 4147 mazdayacna
1232 4076 1371 4131 zani
1424 4069 1911 4150 raodhayam,
1977 4070 2028 4132 31
2086 4070 2304 4135 volunt
2358 4070 2623 4135 Mazdae
2677 4071 2948 4135 cultores
3004 4078 3242 4135 terram
3297 4073 3520 4148 colere,

744 4192 868 4234 non
909 4172 1110 4254 magis
1145 4194 1262 4255 pro
1300 4172 1609 4239 infinitivo
1647 4174 1977 4239 habuerim
2016 4198 2201 4260 quam
2240 4177 2653 4262 ‘cl-ivamnem',
2696 4178 2866 4259 quod
2906 4162 3135 4260 legitur
3172 4201 3227 4261 y.
3266 4181 3371 4254 31,
3407 4181 3521 4243 201

747 4275 824 4360 ye
871 4283 1020 4360 ayat
1065 4279 1445 4344 ashavanem
1493 4282 1864 4358 divamnem,
1912 4284 2021 4366 qui
2066 4285 2239 4347 venit
2284 4284 2551 4366 probum
2599 4284 2801 4349 virum
2840 4288 3191 4369 deceptum,
3238 4288 3519 4370 quamvis

741 4390 1076 4468 utramque
1123 4408 1336 4451 vocem
1382 4387 1694 4452 infinitivo
1743 4389 2011 4453 reddere
2054 4389 2261 4454 liceat.
2337 4390 2631 4455 Ceterum
2676 4415 2817 4456 cum
2854 4394 2965 4457 illo
3004 4394 3305 4476 exemplQ
3352 4394 3521 4477 quod

745 4491 1026 4575 Boppius
1063 4492 1266 4569 affert,
1314 4496 1640 4576 aptissime
1678 4516 2043 4579 comparare
2080 4518 2407 4579 possumus
2444 4498 2653 4575 verba,
2700 4521 2861 4583 quae
2898 4501 3196 4581 leguntur
3234 4500 3384 4586 Qak.
3423 4502 3518 4564 ed.

752 4596 978 4681 Chezy.
1013 4600 1072 4676 6,
1102 4602 1172 4664 6:
1213 4601 1476 4665 icchfmii
1511 4608 1678 4679 tram
1709 4604 2013 4667 vai-arche
2044 4604 2084 4667 b
2098 4604 2595 4687 hajamanstm,
2630 4608 2913 4689 proprie:
2952 4610 3093 4671 volo
3124 4614 3205 4684 te,
3240 4607 3521 4690 pulchris

743 4706 998 4771 natibus
1033 4708 1344 4790 praedita,
1383 4710 1634 4785 cultam,
1672 4710 1732 4773 11.
1765 4731 1814 4772 e.
1857 4716 1920 4773 te
1960 4733 2205 4793 semper
2243 4713 2447 4775 colere
2474 4713 2635 4790 volo,
2672 4714 2745 4777 cf.
2778 4714 3033 4778 Hoc-feri
3067 4715 3213 4778 libri
3242 4736 3381 4798 pag.
3412 4716 3517 4785 68.

923 4812 1152 4877 Mirum
1209 4836 1359 4878 saue
1419 4816 1618 4881 videri
1669 4824 1908 4900 potest,
1964 4820 2131 4901 quod
2194 4820 2255 4883 in
2313 4819 2597 4901 Rigveda
2652 4828 2715 4884 et
2770 4822 3163 4887 Zendavosta
3217 4823 3279 4886 111
3340 4832 3521 4889 tauta
