3911 5522
1724 344 1807 406 57

383 550 637 610 manta
681 547 960 627 vactrya,
1006 564 1132 625 qua
1175 542 1444 628 (mente)
1491 541 1896 607 conformasti
1941 561 2129 623 agros
2174 540 2257 604 ad
2302 541 2633 605 colendum
2671 539 2981 623 (prop1·ie:
3029 537 3157 605 for-

387 659 594 717 mator
630 653 817 737 eras).
872 673 928 734 y.
966 651 1072 726 48,
1101 651 1170 714 33
1211 657 1354 729 atca
1390 649 1601 714 ahmai
1643 651 1896 713 varen-<ii
1936 646 2159 712 mazda
2196 649 2481 712 nidatem
2520 649 2529 730 Ι
2570 648 2787 712 ashem
2826 646 3159 729 cuidyai,

383 759 610 824 deinde
649 760 714 822 in
751 759 874 823 hac
909 757 1052 835 fide,
1089 780 1126 822 0
1163 757 1408 834 Mazda,
1446 758 1655 840 posita
1691 763 1786 820 est
1824 758 2057 820 veritas
2092 755 2176 820 ad
2212 756 2554 820 utilitatem
2592 753 2999 820 afferendam.

561 866 808 930 Similia
859 866 1030 948 apud
1081 865 1434 929 Homerum
1488 864 1788 947 leguntur
1837 867 1919 943 N,
1961 862 2118 928 814:
2170 875 2425 947 χεῖρες
2482 854 2808 945 ἀμύνειν
2865 860 2993 926 εἰσὶ
3046 861 3157 925 καὶ

383 967 556 1060 ἡμῖν.
655 973 922 1052 Ο,1293
985 971 1024 1058 ἠ
1091 967 1176 1036 215
1237 995 1344 1036 τοι
1401 963 1621 1047 αὔτως
1677 962 1865 1036 οὔατ’
1921 961 2253 1053 ακουέμεν
2310 967 2467 1034 ἐστι’.
2560 973 2637 1050 Ε,
2678 969 2831 1034 7253
2894 974 3159 1052 θαῦμα

383 1080 706 1146 ἰδέσθαι
745 1109 834 1136 =
865 1083 944 1158 K,
982 1080 1131 1143 439.
1197 1079 1426 1158 8,3,
1465 1077 1613 1142 377.
1683 1082 1736 1158 ζ,
1775 1077 1924 1142 306.
1992 1101 2053 1163 η,
2089 1077 2194 1140 45.
2264 1081 2334 1155 θ,
2372 1077 2520 1142 360.
2580 1099 2640 1156 v,
2686 1077 2826 1141 108.
2902 1077 2965 1140 h.
3008 1075 3159 1139 V.en

389 1190 548 1252 2063
595 1193 861 1270 θαῦμα
908 1185 1128 1250 ἰδεῖν.
1207 1209 1278 1268 φ,
1317 1184 1475 1249 2553
1523 1183 1869 1270 ἐλεγχείη
1909 1183 1981 1250 δὲ
2020 1185 2133 1248 καὶ
2172 1181 2587 1267 ἐσσομένοισι
2623 1183 3033 1250 πυθέσθαι
3071 1211 3159 1238 z:

383 1319 462 1374 ω,
500 1294 662 1359 4333
718 1289 926 1380 λώβη
971 1285 1096 1378 γὰρ
1145 1287 1300 1358 τάδε
1349 1284 1407 1376 γ’
1457 1291 1592 1356 ἐστὶ
1641 1292 1756 1356 καὶ
1802 1289 2219 1375 ἐσσομένοισι
2264 1290 2695 1357 πυθέσθαι.
2776 1291 2833 1364 ὁ,
2873 1291 2983 1356 893
3031 1288 3159 1354 αἰεὶ

384 1401 794 1488 παρέχουσιν
834 1391 1208 1487 ἐπηετανὸν
1244 1394 1442 1483 γάλα
1480 1404 1802 1484 θῆσθαι.

561 1509 774 1573 Etiam
819 1513 1044 1591 poetae
1092 1508 1303 1582 latini,
1357 1507 1466 1570 ubi
1514 1505 1828 1589 pedestris
1875 1507 2081 1570 oratio
2127 1505 2261 1570 fere
2308 1508 2665 1588 genetivum
2711 1505 3001 1590 gerundii
3049 1509 3160 1570 aut

383 1618 575 1681 aliam
622 1615 956 1680 verborum
1003 1613 1518 1698 compositionem
1555 1613 1852 1696 postulat,
1901 1613 1986 1677 ibi
2025 1612 2405 1677 infinitivum
2440 1614 2807 1690 admittunt,
2854 1612 2929 1678 cf.
2968 1612 3159 1696 Verg.

387 1723 458 1786 A.
507 1722 644 1798 VII,
681 1725 838 1786 5913
903 1723 1012 1786 ubi
1065 1723 1254 1786 malla
1309 1721 1507 1784 datm·
1563 1741 1814 1811 caccum
1869 1741 2331 1800 exsuperare
2380 1726 2723 1799 potestas
2786 1719 3156 1786 Consilium.

385 1831 494 1906 IX,
537 1831 690 1894 159:
750 1831 1090 1894 obsidere
1129 1835 1361 1908 portas
1407 1849 1591 1892 cura
1638 1828 1853 1891 datur.
1935 1827 2080 1890 757.
2130 1827 2203 1892 G.
2241 1827 2355 1904 III,
2397 1827 2545 1904 124,
2582 1829 2729 1892 211.
2780 1827 2849 1890 A.
2890 1827 2966 1902 X,
3004 1827 3161 1890 2763

367 1921 694 2017 ‘fiducia
751 1938 930 2001 cessit
983 1936 1216 2000 LItora
1260 1936 1716 2016 praecipere
1771 1939 1826 1998 et
1888 1936 2193 1998 venientes
2236 1935 2525 2014 pelle-re
2579 1939 2771 1998 terra.
2865 1935 2974 1998 Ov.
3012 1933 3160 1997 Met.

384 2043 558 2119 XIV,
599 2047 758 2106 8083
803 2049 1090 2124 tempu-s
1129 2044 1306 2108 adest
1328 2091 1482 2106 .....
1499 2043 1794 2122 praem-ia
1832 2043 2136 2106 solvere.
2213 2042 2360 2106 Her.
2400 2041 2449 2118 Ι,
2494 2043 2644 2108 1093
2680 2063 2789 2106 nec
2823 2041 2979 2104 mim·
3004 2045 3161 2106 sunt

388 2152 585 2214 vires
635 2151 918 2214 inimicos
953 2151 1248 2230 pellere
1295 2151 1467 2214 tectis
1513 2171 1627 2234 pro
1665 2149 2001 2232 ‘pellendi-s
2038 2149 2329 2213 inimic-is'
2368 2150 2498 2214 sive
2534 2150 2642 2232 ‘ad
2672 2149 2999 2230 pellendos
3024 2149 3160 2212 ini-

383 2259 612 2322 micos?
701 2256 848 2320 Met.
895 2257 972 2334 X,
1011 2257 1124 2321 833
1193 2256 1519 2320 Thracum
1573 2257 1842 2337 popul-is
1904 2256 2035 2337 fuit
2100 2261 2366 2321 auctor
2430 2277 2705 2321 amorem
2768 2255 2857 2320 In
2918 2261 3161 2320 tcmros

385 2365 818 2445 transferre
853 2385 1078 2430 mares.
1155 2365 1266 2428 813
1303 2365 1544 2428 multas
1580 2369 1792 2428 tanum
1829 2365 2067 2429 ardor
2103 2363 2369 2428 habebat
2404 2363 2553 2428 Iun
2563 2385 2734 2446 yere
2770 2385 2833 2428 se
2869 2365 3022 2428 vati.

563 2471 662 2536 Ex
707 2471 919 2554 getica
963 2471 1183 2555 lingua
1226 2471 1352 2536 huc
1396 2471 1602 2537 refero
1643 2470 1780 2536 Gal.
1820 2472 1879 2547 5,
1917 2473 1977 2547 3,
2024 2493 2149 2553 quo
2196 2471 2333 2536 loco
2380 2470 2575 2536 subst.
2622 2471 2841 2536 skula
2886 2493 3028 2535 cum
3064 2472 3160 2534 in-

383 2579 630 2646 finitivo
675 2577 1106 2664 coniungitur:
1152 2579 1326 2662 patei
1374 2577 1592 2644 skula
1635 2579 1722 2644 ist
1767 2579 1854 2644 all
1899 2578 2074 2662 vitop
2114 2579 2403 2660 taujan,
2450 2567 2553 2642 ὅτι
2594 2569 2939 2664 ὀφειλέτης
2977 2577 3159 2644 ἐστὶν

386 2677 550 2752 ὅλου
587 2677 712 2750 τὸν
749 2681 966 2771 νόμον
1003 2692 1297 2773 ποιῆσαι.

566 2795 706 2871 Quo
751 2793 1024 2859 rariores
1071 2800 1238 2871 sunt,
1288 2816 1360 2859 00
1407 2794 1614 2859 minus
1651 2793 2101 2877 praetereundi
2139 2792 2431 2869 videntur
2468 2792 2709 2875 aliquot
2747 2794 2867 2859 loci
2905 2799 2971 2859 et
3008 2794 3160 2877 Rig-

384 2902 582 2967 vedae
617 2908 682 2966 et
717 2902 1164 2978 Zendavcstae,
1208 2902 1278 2967 in
1323 2900 1552 2983 quibus
1600 2900 1913 2977 infinitivi,
1964 2900 2071 2984 qui
2118 2900 2316 2965 dativi
2364 2898 2629 2965 somnam
2674 2902 3033 2978 ostendunt,
3078 2902 3155 2965 ad

383 3008 645 3074 verbum
671 3007 918 3073 finitum
949 3015 1080 3073 tam
1108 3013 1246 3073 arte
1276 3030 1410 3073 sese
1438 3008 1780 3092 applicant,
1807 3014 1880 3073 ut
1909 3030 2017 3073 eos
2045 3006 2327 3073 obiecti
2360 3007 2561 3073 vices
2590 3010 2901 3074 sustinere
2921 3010 3160 3073 credas.

383 3116 682 3199 Legimus
729 3117 896 3181 enim
934 3116 1049 3192 111,
1088 3116 1192 3193 38,
1235 3116 1298 3179 13
1343 3116 1569 3180 kavffir
1615 3114 1892 3179 ichami
1939 3115 2311 3194 samdrice
2348 3116 2716 3196 sumedhah,
2760 3124 2936 3181 vates
2974 3117 3159 3198 cupio

387 3226 800 3309 aequiperare
845 3223 1173 3307 sapientia.
1249 3222 1355 3299 VI,
1399 3216 1604 3299 11,3:
1650 3222 1906 3301 vashti
1943 3224 2064 3306 pra
2100 3220 2303 3287 dev-iifl
2324 3270 2479 3287 .....
2500 3223 2939 3308 yajadhyai,
2986 3224 3161 3306 cupit

387 3332 537 3396 deos
583 3331 804 3395 colere.
881 3329 930 3407 I,
973 3328 1120 3405 154,
1158 3330 1226 3395 63
1282 3336 1352 3395 ta
1397 3334 1540 3405 vam
1585 3330 1857 3413 vastnny
1900 3330 2187 3411 ucmasi
2232 3330 2711 3415 gamadhyai,
2754 3331 2873 3396 has
2918 3336 3161 3395 vestras

383 3440 565 3504 sedes
622 3440 908 3520 cupimus
963 3436 1158 3501 adire.
1233 3436 1280 3513 I,
1319 3438 1423 3513 30,
1468 3437 1564 3500 12.
1625 3437 1698 3513 V,
1737 3437 1840 3514 74,
1878 3438 1936 3501 3.
2012 3436 2317 3501 Similiter
2370 3436 2555 3501 radix
2608 3436 2837 3519 sparh
2870 3434 3065 3522 (Pan.
3112 3436 3161 3513 Ι,

383 3546 446 3621 4,
474 3544 590 3631 36)
629 3566 771 3609 011111
811 3542 1025 3609 dativo
1063 3543 1280 3609 iuncta
1316 3548 1412 3607 est
1449 3542 1624 3619 VIII,
1654 3544 1714 3620 2,
1749 3543 1857 3608 18:
1893 3544 1980 3607 na
2016 3545 2399 3627 svapnaya
2426 3543 2837 3626 sprihayanti,
2874 3564 3161 3608 somnum

381 3674 510 3717 non
545 3657 868 3735 appetunt.
945 3649 1104 3715 Aliis
1142 3650 1396 3735 quidem
1433 3650 1604 3725 locis,
1643 3656 1715 3735 ut
1751 3649 1800 3726 I,
1839 3650 1898 3727 2,
1934 3650 2007 3724 4;
2044 3650 2103 3727 3,
2145 3651 2256 3715 103
2294 3651 2591 3733 yajnam
2630 3650 2929 3729 vashtu,
2968 3651 3160 3715 sacri-

383 3747 592 3824 ficium
633 3758 940 3833 desidera,
980 3758 1025 3834 Ι,
1063 3758 1168 3834 94,
1207 3759 1268 3822 3.
1315 3756 1423 3834 IV,
1467 3758 1566 3835 18,
1608 3759 1708 3821 10.
1783 3755 1898 3833 111,
1935 3757 2041 3832 33,
2082 3757 2147 3820 73
2192 3756 2315 3839 apo
2354 3756 2645 3839 'yanam
2684 3757 3159 3837 ichamanah‚

383 3887 588 3950 aquae
642 3865 980 3930 fluxionem
1037 3865 1494 3941 desidoranteS,
1553 3864 1796 3929 radices
1852 3884 1983 3945 vac
2040 3868 2105 3927 ct
2158 3863 2277 3929 ish
2324 3885 2465 3929 cum
2511 3864 2864 3930 accusativo
2910 3865 3159 3929 iunctae

385 3979 548 4049 sunt,
584 3977 653 4037 at
690 3973 742 4035 si
781 3972 1347 4063 comparaverimus
1386 3972 1592 4037 locum
1621 3992 1698 4036 ex
1725 3970 2119 4035 Zendavesta
2148 3971 2565 4055 desumptum,
2603 3972 2710 4055 qui
2741 3977 2837 4037 est
2873 3994 2927 4055 y.
2955 3972 3061 4047 42,
3090 3972 3159 4035 9:

385 4078 641 4143 kahmai
677 4079 1026 4163 vividuye
1065 4078 1305 4154 v-ashi‚
1355 4079 1507 4162 quid
1545 4079 1704 4143 sciro
1743 4080 1852 4153 vis,
1889 4077 1997 4142 ubi
2035 4084 2295 4161 propter
2334 4066 3008 4163 tlativum'vividuyc
3046 4101 3160 4161 per

383 4188 826 4252 attractionem
883 4185 1089 4269 ipsum
1143 4208 1489 4269 pronomen
1545 4185 2065 4268 interrogativum
2125 4187 2185 4248 in
2243 4184 2455 4250 dativo
2512 4208 2660 4251 casu
2714 4188 2990 4269 positum
3046 4191 3161 4262 est,

383 4316 510 4359 non
557 4292 697 4369 erit,
745 4294 914 4377 quod
961 4292 1102 4358 illos
1149 4292 1395 4358 dativos
1435 4294 1764 4375 samdrice,
1808 4291 2170 4376 yajadhyai,
2217 4292 2598 4375 gamadhyai
2635 4315 2750 4376 pro
2788 4292 3159 4359 accusativis

385 4400 788 4484 accipiendos
827 4420 962 4465 esse
1001 4399 1448 4486 ce1iseamus.*)
1507 4400 1598 4464 Cf.
1637 4400 1686 4475 Ι,
1721 4399 1828 4475 48,
1859 4401 1926 4462 23
1964 4398 2366 4480 vicvasuvido
2403 4398 2593 4464 bhfiri
2630 4406 2996 4483 cyavanta
3032 4401 3158 4463 va-

385 4514 596 4573 stave
653 4506 762 4591 (sc.
809 4505 1116 4593 ushasah)
1162 4528 1428 4571 aurorae
1474 4509 1686 4571 omnia
1731 4506 1890 4571 bene
1936 4510 2235 4589 parantes
2283 4526 2663 4590 magnopere
2709 4506 2965 4571 molitae
3011 4510 3161 4570 sunt

383 4615 610 4679 lucere.
685 4614 784 4679 Ex
829 4614 1222 4680 Zendavesta
1266 4613 1424 4680 haec
1470 4613 1756 4697 exempla
1801 4611 2097 4678 addenda
2142 4619 2315 4678 sunt:
2368 4635 2423 4699 y.
2461 4613 2569 4691 43,
2605 4613 2673 4676 3:
2718 4613 3003 4695 vaccmi
3047 4614 3158 4676 vi-

567 4844 612 4900 *)
671 4844 914 4919 Boppius
953 4845 1050 4911 111,
1090 4846 1196 4899 293
1235 4846 1334 4901 hos
1373 4842 1672 4901 infinitivos
1711 4840 2148 4899 accusativorum
2186 4842 2362 4898 instar
2398 4842 2605 4914 positos
2644 4860 2765 4899 esse
2806 4839 3155 4898 existimavit.
