3911 5522
1669 351 1750 448 ιζ»

318 553 502 612 acute
550 548 896 631 impugnat.
970 546 1366 632 Quamquam
1411 549 1607 630 igitur
1643 547 1802 612 nihil
1839 545 2051 610 adhuc
2082 545 2404 629 prolatum
2440 551 2555 623 est,
2601 548 2769 630 quod
2809 570 2887 612 ex
2924 551 3093 614 omni

318 659 502 738 parte
529 653 994 740 satisfaciat,¹⁰)
1025 659 1090 718 et
1115 654 1300 718 valde
1327 655 1669 720 verendum
1699 658 1812 732 est,
1852 675 1932 716 ne
1964 655 2468 718 coniecturarum
2495 675 2827 719 numerum
2854 660 3093 721 temere

317 782 552 844 augere
589 763 824 836 videar,
867 765 1084 825 tamen
1119 763 1420 843 quoniam
1458 763 1522 824 in
1559 783 1630 824 re
1667 758 2041 824 difficillima
2075 780 2415 836 versamur,
2464 761 2531 822 id
2568 762 2738 843 quod
2776 763 2909 844 ipse
2946 785 3094 827 con-

318 869 440 932 icio
489 888 844 951 proponere
888 889 1018 932 non
1061 867 1304 932 dubito,
1378 865 1472 932 Ac
1516 867 1671 932 mihi
1721 866 1975 950 quidem
2022 867 2087 930 in
2108 866 2339 930 dorma
2386 868 2795 945 ama-s-iasa
2846 889 2924 932 ex
2969 891 3095 953 qua

317 973 558 1038 formae
615 975 899 1038 ama-rior
953 975 1262 1057 originem
1317 974 1670 1038 ducendam
1725 995 1862 1038 esse
1918 972 2236 1049 existimo,
2292 978 2565 1056 quatuor
2608 981 2823 1056 partes
2867 975 3094 1041 distin-

317 1081 606 1163 guendae
645 1101 780 1144 esse
816 1079 1129 1160 videntur,
1169 1081 1443 1164 primum
1479 1081 1658 1145 verbi
1702 1081 1936 1159 thema,
1985 1080 2155 1162 quod
2203 1085 2300 1144 est
2337 1101 2505 1158 ama,
2557 1080 2784 1145 deinde
2818 1082 3007 1148 litera
3040 1104 3091 1161 S,

317 1189 486 1270 quod
523 1188 857 1272 reliquum.
875 1193 972 1252 est
1008 1187 1217 1252 suffixi
1256 1207 1380 1266 -as,
1421 1209 1549 1270 quo
1584 1185 1930 1252 infinitivos
1968 1186 2145 1250 verbi
2182 1187 2372 1252 activi
2408 1185 2711 1262 formatos
2740 1209 2875 1253 esse
2903 1211 3095 1274 supra

315 1295 602 1374 vidimus,
643 1299 778 1359 tum
812 1316 1161 1378 pronomen
1197 1293 1564 1359 reflexivum
1608 1316 1687 1358 se.
1745 1295 1880 1358 Iam
1918 1295 2262 1378 quaeritur,
2304 1295 2457 1377 quid
2494 1295 2578 1358 sit
2615 1294 2825 1358 illud'
2798 1317 2873 1360 w.
2932 1297 3091 1362 Mihi

315 1401 382 1464 in
428 1405 704 1466 mentem
747 1405 921 1467 venit
964 1402 1086 1467 hoc
1120 1403 1196 1480 ic,
1245 1403 1416 1487 quod
1453 1402 1577 1466 001
1580 1423 1796 1468 ssenus
1833 1401 1872 1466 l.
1909 1402 1948 1466 1.
1988 1400 2070 1478 11,
2106 1401 2237 1466 478
2277 1422 2353 1464 ex
2390 1400 2527 1464 suff.
2566 1399 2707 1465 fem.
2746 1403 2846 1468 -ia
2884 1410 3093 1468 ortum

316 1531 454 1574 esse
497 1513 684 1592 putat
730 1508 833 1596 (cf.
879 1515 1112 1574 mater-
1082 1512 1350 1574 -ie-s—
1263 1539 1351 1548 --
1377 1487 1630 1574 mater-'
1582 1533 1700 1588 -1a,
1749 1509 2034 1574 ba1·bar-'
1985 1531 2106 1572 -1e-
2078 1531 2253 1571 -s—
2167 1555 2252 1562 .-
2283 1507 2609 1585 barbaria,
2659 1509 2839 1574 Her-¹
2790 1533 3092 1576 ·—-1e-m
3004 1559 3090 1568 -

315 1614 612 1703 *Her-ia),
651 1616 816 1680 idem
855 1637 988 1680 esse
1025 1622 1216 1701 atque
1243 1617 1545 1681 Indorum
1584 1623 1647 1681 et
1683 1617 2057 1680 Bactrorum
2092 1637 2198 1697 μα,
2240 1636 2365 1698 quo
2402 1614 2469 1678 in
2504 1617 2835 1700 utriusque
2871 1619 3089 1701 populi

312 1722 534 1805 lingua
576 1721 838 1787 verbum
882 1725 1202 1806 passivum
1246 1723 1581 1802 formatur,
1629 1728 1704 1788 ut
1750 1724 2077 1807 tud-yaete
2112 1751 2200 1777 =
2236 1723 2601 1785 tund-i-tur.
2676 1723 2813 1788 Hoc
2858 1731 3091 1802 autem,

314 1850 439 1915 quo
477 1849 726 1893 omnem
761 1831 888 1894 vim
924 1832 1236 1914 passivam
1273 1833 1580 1895 contineri
1615 1830 1966 1914 Spiegelius
2003 1851 2092 1912 gr.
2122 1852 2180 1912 p.
2214 1827 2345 1893 254
2373 1827 2667 1904 affirmat,
2702 1831 2787 1894 ad
2814 1832 3089 1897 radicem

311 1939 433 2019 γὲ,
485 1937 574 2000 ire
611 1957 754 2000 cum
789 1937 1067 2020 Benfeyo
1103 1940 1160 2018 ξ.
1201 1938 1330 2002 874
1369 1943 1434 2001 et
1469 1937 1712 2020 Boppio
1753 1958 1841 2020 gr.
1881 1958 2077 2000 sansc.
2116 1938 2263 2000 min.
2300 1959 2359 2019 p.
2400 1937 2527 2000 329
2567 1937 2789 2002 referO.
2864 1938 3091 2022 Itaque

313 2041 587 2106 formam
625 2044 773 2108 (1αεὶ
808 2073 896 2099 =
936 2044 1104 2122 dari,
1154 2066 1346 2128 quam
1381 2044 1605 2108 Festus
1643 2043 1740 2107 ed.
1781 2043 1862 2107 M.
1899 2066 1961 2125 p.
2000 2043 2085 2106 68
2126 2045 2342 2122 tradit,
2394 2065 2471 2108 ex
2508 2043 2725 2108 formis
2764 2045 3086 2124 da-s-ie-r,

313 2150 631 2227 cla-s-ie-8‚
673 2150 1020 2229 da-s-ie-sc,
1063 2150 1327 2214 formam
1365 2151 1720 2231 spelm-‘1304
1746 2181 1836 2206 =
1867 2152 2109 2234 sparg-i
2146 2149 2298 2214 Hor.
2337 2152 2437 2215 od.
2477 2151 2583 2229 IV,
2630 2153 2730 2227 11,
2768 2153 2807 2215 8
2845 2174 2925 2215 ex
2960 2153 3089 2216 for-

311 2259 431 2322 mis
478 2257 846 2338 spary-ie-S,
895 2259 1276 2340 spary-ie-se
1321 2263 1526 2321 ortam
1566 2279 1700 2321 esse
1735 2263 1911 2340 pute.
1984 2257 2519 2339 Distinguendum
2556 2263 2653 2322 est
2691 2260 2885 2341 igitur
2922 2260 3089 2324 inter

312 2363 649 2427 verborum
685 2363 971 2428 themata
1009 2367 1072 2428 in
1109 2370 1526 2429 consonantes
1563 2363 1747 2428 finita
1783 2370 1847 2427 et
1884 2365 2052 2428 inter
2090 2385 2181 2442 ea,
2222 2385 2383 2447 quae
2421 2366 2484 2428 in
2524 2365 2769 2430 vocales
2806 2372 2862 2443 a,
2902 2378 2958 2445 a,
2990 2367 3087 2444 e,i'

313 2476 563 2535 exeunt.
617 2471 794 2535 Haec
831 2472 998 2534 enim
1035 2493 1178 2536 cum
1215 2469 1458 2535 suffixis
1487 2472 1714 2550 s—ic-se,
1756 2472 1993 2548 -r-ie-r,
2034 2485 2153 2534 -r-i
2182 2473 2667 2554 coniunguntur,
2707 2471 2790 2536 ad
2824 2471 2931 2536 illa
2958 2473 3089 2536 suf-

309 2575 442 2641 fixa
476 2578 674 2656 -ic-se,
715 2577 888 2656 -ie-r,
926 2592 982 2640 -1
1018 2579 1342 2642 accedunt.
1407 2578 1502 2642 Nc
1543 2579 1682 2661 quis
1718 2598 1868 2642 vero
1907 2580 2191 2657 miretur,
2232 2578 2384 2662 quid
2423 2578 2683 2642 verbum
2718 2579 2944 2642 eundi
2980 2600 3087 2644 va-

310 2683 442 2748 leat
486 2685 568 2748 ad
605 2686 920 2768 passivam
957 2683 1495 2768 significationem,
1544 2685 1665 2749 hoc
1699 2685 1884 2765 adde,
1933 2685 2105 2767 apud
2144 2684 2405 2750 Latinos
2442 2686 2635 2750 etiam
2671 2684 2863 2750 verbo
2900 2707 3087 2750 vene-

306 2792 464 2856 undi
503 2793 883 2873 passivam
919 2794 1061 2856 vim
1097 2791 1296 2856 tribui
1335 2797 1401 2857 et
1435 2795 1502 2856 in
1537 2793 1755 2875 lingua
1791 2794 2117 2869 sanserita,
2154 2794 2458 2875 imprimis
2488 2795 2684 2875 epica,
2724 2794 3085 2877 saepissime

308 2898 505 2962 verba
540 2900 730 2965 eundi
769 2920 909 2963 cum
945 2901 1302 2963 accusativo
1338 2920 1502 2963 nom.
1540 2900 1734 2963 abstr.
1771 2901 1989 2963 iuncta
2014 2922 2131 2983 pro
2157 2902 2422 2983 passivis
2448 2902 2761 2984 usurpari,
2802 2899 2876 2964 cf.
2904 2903 3088 2983 pan-

310 3006 567 3084 dutam
603 3008 718 3087 γὲ,
766 3005 1183 3072 albitudinem
1219 3007 1398 3071 adire
1434 3036 1522 3062 =
1559 3006 1776 3070 album
1813 3006 2015 3085 reddi,
2064 3006 2457 3085 vishadam
2497 3029 2686 3089 gam,
2723 3011 3088 3071 constema-

311 3114 554 3177 tionem
591 3112 771 3176 adire
809 3142 897 3169 =
935 3114 1346 3189 consternari,
1381 3113 1714 3192 nishtam
1751 3133 1938 3195 gam,
1980 3111 2169 3177 finem
2206 3114 2384 3177 adire
2420 3142 2508 3169 =
2545 3111 2735 3191 finiri,
2770 3114 3087 3195 tripnim

308 3240 502 3301 gam,
549 3221 910 3284 satietatem
945 3222 1122 3283 adire
1160 3250 1249 3275 Ξ
1285 3222 1525 3299 satiari,
1575 3218 1658 3285 cf..
1687 3219 1826 3285 Nal.
1866 3221 1925 3299 9,
1970 3221 2036 3285 8:
2082 3220 2225 3285 nale
2261 3220 2385 3303 yah
2422 3241 2680 3304 samyag
2715 3219 2983 3299 atishtet
3016 3241 3089 3285 sa

309 3325 592 3407 gacched
638 3326 1018 3409 vadhyatam
1065 3347 1290 3402 mama,
1337 3349 1478 3391 cum
1515 3326 1680 3391 Nala
1725 3328 1832 3410 qui
1878 3326 2067 3391 simul
2103 3327 2332 3403 adstet,
2380 3329 2431 3391 is
2469 3332 2574 3391 eat
2612 3329 2677 3392 in
2714 3328 3089 3392 occisionem

187 3452 196 3459 ·
307 3434 452 3510 mei,
489 3430 550 3495 h.
590 3452 642 3496 e.
679 3434 732 3496 is
769 3454 811 3497 a
843 3454 943 3497 me
981 3433 1320 3498 occidatur.
1375 3432 1472 3497 Ne
1509 3433 1631 3498 hoc
1667 3434 1920 3518 quidem
1955 3435 2489 3517 praetereundum
2526 3440 2622 3498 est
2660 3436 2725 3497 in
2762 3430 3087 3497 infinitivis

307 3538 628 3619 Indorum,
677 3539 1068 3616 Bactrorum‚
1113 3539 1515 3617 Graecorum,
1561 3542 1667 3625 qui
1707 3543 1839 3605 in·
1809 3540 1946 3605 dh
1955 3562 2104 3625 yai
2148 3542 2389 3623 -dyai,
2440 3546 2633 3605 -σθαι
2670 3543 2918 3616 exeunt,
2957 3537 3086 3601 for-

307 3651 480 3709 tasse
525 3647 694 3711 idem
739 3650 822 3730 ya
865 3648 1066 3711 radici
1113 3646 1261 3711 dha
1306 3648 1590 3713 iunctum
1634 3647 1852 3725 latere,
1900 3670 2063 3734 quae
2109 3647 2373 3730 Benfeyi
2420 3652 2485 3711 et
2523 3645 2729 3711 Curtii
2772 3618 3087 3711 sententia

309 3758 428 3817 est.
503 3751 595 3817 Cf.
633 3752 848 3817 Kuhni
884 3774 1026 3818 ann.
1070 3753 1124 3832 1,
1165 3752 1445 3818 25-27,

487 3859 606 3923 His
643 3861 943 3943 expositis
979 3882 1080 3925 me
1117 3867 1478 3925 convertam
1515 3860 1600 3925 ad
1633 3860 1878 3944 aliquot
1914 3858 2455 3925 substantivorum
2492 3860 2756 3939 dativos,
2796 3862 2902 3944 qui
2942 3880 3085 3925 cum

305 3968 514 4031 rarius
568 3968 636 4030 in
680 3968 966 4049 Rigveda
1009 3952 1326 4050 legantur,
1382 3974 1596 4033 tamen
1641 3967 1722 4031 ob
1769 3987 1909 4031 eam
1953 3988 2207 4031 causam
2252 3970 2649 4050 potissimum
2692 3968 3084 4031 memorandi

304 4079 474 4151 sunt,
516 4074 686 4157 quod
724 4094 802 4137 ex
837 4075 930 4138 eis
965 4095 1096 4138 non
1129 4076 1318 4139 modo
1358 4096 1574 4139 omnes
1610 4095 1874 4157 graecae
1910 4074 2163 4157 linguae
2200 4071 2495 4137 infinitivi
2524 4076 2798 4158 exceptis
2828 4076 2937 4151 eis,
2972 4076 3081 4157 qui

303 4181 376 4245 in
430 4196 577 4245 -σαι
632 4186 700 4245 et
752 4184 955 4245 -σθαι
1001 4181 1325 4257 desinunt,
1381 4181 1492 4245 sed
1541 4183 1734 4245 etiam
1778 4182 2281 4265 germanicarum
2326 4181 2742 4245 dialectorum
2788 4180 3082 4245 infinitivi

301 4292 458 4371 apte
503 4288 887 4351 derivantur.
959 4286 1170 4371 Atque
1217 4288 1417 4352 dativi
1461 4286 2001 4353 substantivorum
2046 4288 2113 4351 in
2158 4308 2363 4351 -man
2406 4289 2889 4351 terminatorum
2932 4291 3083 4351 sunt

301 4392 402 4459 hi:
440 4398 777 4472 tramane
815 4393 892 4470 V,
926 4393 1036 4471 46,
1064 4394 1103 4457 6
1144 4393 1333 4481 (falso
1369 4394 1486 4478 leg.
1526 4396 1592 4458 in
1627 4395 1746 4459 lex.
1785 4395 2037 4477 Petrop.
2078 4395 2136 4473 6,
2175 4394 2283 4473 46,
2311 4395 2383 4481 6)
2419 4392 2703 4477 nadyas
2730 4397 3081 4471 =tramane

300 4500 634 4580 bhuvan,
682 4498 944 4565 flumina
987 4501 1306 4584 praesidio
1352 4502 1496 4565 sint.
1570 4502 1884 4567 damane
1921 4500 2096 4578 VIII,
2134 4500 2238 4578 82,
2277 4500 2316 4565 8
2364 4500 2553 4579 (falso
2589 4500 2823 4581 legitur
2860 4500 2926 4563 in
2960 4499 3081 4564 lex.

299 4608 558 4691 Petrop.
618 4608 677 4684 8,
714 4605 819 4686 52,
862 4608 950 4695 8).
1034 4608 1442 4687 dharmane
1496 4607 1572 4686 X,
1614 4606 1718 4688 50,
1760 4608 1818 4672 6.
1877 4608 1980 4686 88,
2026 4608 2081 4672 1.
2163 4608 2651 4685 vidharmane
2707 4605 2879 4686 VIII,
2922 4608 2979 4688 7,
3019 4604 3080 4672 5.

493 4837 566 4909 10)
606 4838 674 4893 cf.
716 4838 891 4895 corsa.
931 4837 967 4893 1.
1005 4838 1042 4893 1.
1082 4838 1154 4907 11,
1193 4838 1314 4895 478.
