3911 5522
1755 340 1840 406 55

407 541 614 607 forma
668 543 806 626 ipsa
859 539 984 604 iam
1031 561 1158 604 non
1205 538 1736 616 discernerentur,
1792 541 1985 606 etiam
2030 541 2399 624 supinorum
2442 541 2621 624 origo
2668 541 2977 624 paulatim
3022 541 3183 608 obli-

408 648 592 715 vione
627 647 948 714 deleretur
985 646 1222 723 eadem,
1259 668 1388 731 qua
1422 644 1877 714 infinitivorum
1913 652 1981 712 et
2016 668 2385 730 graecorum
2414 652 2480 712 et
2506 648 2849 714 latinorum
2876 649 3183 733 originem

403 756 500 820 ita
544 755 980 821 oblitteratam
1015 755 1316 831 videmus,
1361 759 1435 819 ut
1471 775 1689 819 eorum
1723 776 1908 820 usum
1943 776 1985 820 a
2018 754 2343 839 primitiva
2379 752 2583 820 forma
2614 756 2803 841 plane
2838 755 3183 824 abhorrere

404 863 742 928 dicendum
788 862 888 928 sit.
962 862 1098 941 Quo
1145 862 1400 927 demum
1436 861 1603 926 facto
1639 862 1957 930 Romanos
1994 883 2191 947 usque
2229 883 2301 926 eo
2339 863 2718 945 processisse
2756 864 3064 943 existimO,
3110 871 3183 931 ut

401 971 634 1056 supina
679 992 808 1036 non
852 975 1105 1035 tantum
1150 968 1476 1034 adiectivis
1527 973 1590 1034 et
1637 969 2077 1048 substantiviS,
2134 991 2295 1055 quae
2342 991 2483 1034 cum
2528 970 2742 1036 dativo
2789 972 2967 1054 iungi
3010 971 3181 1056 leges

400 1079 659 1161 linguae
712 1077 951 1142 latinae
1005 1083 1321 1154 vetarent,
1377 1077 1712 1153 adderent,
1767 1077 1880 1142 sed
1929 1079 2123 1142 etiam
2170 1077 2237 1142 in
2282 1079 2507 1142 eodem
2552 1078 2881 1162 enuntiato
2924 1084 3181 1162 praeter

401 1185 632 1268 supina
676 1182 974 1249 ablativis
1019 1185 1292 1250 aliorum
1329 1184 1870 1250 substantivorum
1904 1189 2253 1251 uterentur.
2324 1185 2573 1250 Deinde
2607 1185 2767 1250 illud
2803 1207 2930 1252 non
2968 1187 3180 1268 negle-

399 1293 678 1376 gendum
745 1291 1022 1369 videtur,
1085 1291 1258 1374 quod
1322 1292 1600 1357 omnium
1663 1292 2147 1368 adiectimrnm,
2211 1311 2371 1376 quae
2434 1293 2675 1376 supinis
2728 1295 3180 1378 adiunguntur,

398 1401 590 1482 longe
633 1398 976 1464 maximam
1017 1403 1266 1482 partem
1303 1397 1586 1464 efficiunt
1625 1420 1717 1476 ea,
1763 1421 1924 1484 quae
1962 1421 2105 1464 cum
2143 1399 2357 1464 dativo
2393 1401 2657 1483 iungere
2691 1400 2858 1478 licet,
2904 1402 2971 1466 id
3008 1401 3179 1485 quod

397 1509 629 1584 inveni,
675 1527 816 1571 cum
862 1505 1283 1570 Hildebrandi
1329 1508 1920 1572 commentationem
1966 1506 2214 1590 saepius
2260 1506 2587 1572 laudatam
2631 1509 2987 1573 accuratius
3032 1529 3178 1591 per-

395 1611 820 1696 lustrarem,*)
859 1612 968 1697 qui
1003 1635 1063 1697 p.
1093 1613 1176 1676 21
1217 1613 1512 1697 supinum
1548 1613 1818 1678 alterum
1856 1634 1897 1677 a
1923 1613 2222 1678 Cicerone
2259 1614 2556 1698 octogies,
2592 1635 2633 1678 a
2658 1613 2838 1679 Livio
2867 1615 3178 1700 quinqua·-

396 1721 532 1803 gies
568 1720 686 1797 bis,
723 1741 764 1785 a
794 1718 1060 1784 Caesare
1099 1725 1200 1784 ter
1232 1726 1608 1804 usurpatum
1645 1741 1780 1786 esse
1820 1721 2021 1786 docet.
2079 1721 2437 1805 'Utcumque
2474 1741 2575 1787 res
2612 1742 2749 1788 sese
2784 1722 2997 1800 habet,
3034 1744 3177 1788 cum

395 1828 562 1894 talia
614 1828 924 1911 legamuS,
988 1826 1202 1911 qualia
1253 1834 1403 1893 sunt
1456 1827 1628 1910 apud
1682 1827 1979 1892 Plautum
2024 1827 2249 1893 Bacch.
2290 1829 2403 1892 62:
2464 1829 2659 1894 istaec
2714 1829 2975 1910 lepida
3028 1835 3179 1894 sunt

391 1935 848 2001 memor-atui
883 1965 970 1992 =
1010 1934 1166 2000 Gell.
1205 1934 1376 2012 XVI,
1417 1935 1515 2000 18.
1552 1956 1684 2019 cap.
1722 1936 1937 2000 inser:
2002 1935 2221 2016 lepida
2274 1940 2687 2000 memorata
2741 1935 2975 2022 (Plaut.
3023 1936 3174 2002 cist.

393 2042 480 2120 II,
523 2045 580 2120 1,
624 2041 732 2106 15:
787 2043 1140 2106 miserum
1193 2041 1662 2130 memoratu),
1717 2043 1888 2126 apud
1932 2042 2207 2107 Plinium
2245 2042 2306 2106 h.
2343 2065 2405 2107 n.
2454 2042 2562 2120 VI,
2600 2042 2757 2108 203:
2802 2044 3031 2124 potui
3072 2045 3173 2109 iw—

391 2150 610 2215 ctmda
639 2179 727 2206 -=
754 2149 916 2214 Gell.
955 2149 1032 2226 X,
1069 2149 1173 2226 20,
1211 2149 1280 2214 3:
1320 2150 1538 2216 dulcia
1563 2155 1782 2230 potu,
1823 2149 1996 2233 apud
2032 2149 2279 2215 Livium
2315 2148 2423 2227 45,
2461 2149 2565 2226 30,
2594 2150 2663 2213 2:
2701 2151 2879 2229 adc0,
2922 2155 3174 2234 quanta

391 2256 786 2324 Macedonia
832 2262 1002 2336 essct,
1054 2278 1250 2340 qaam
1295 2256 1586 2322 divisui
1632 2257 1852 2337 facilis
1871 2306 2029 2321 .....
2048 2257 2435 2322 Macedones
2474 2277 2723 2340 quoquc
2756 2256 3167 2340 iynorabant,

392 2385 668 2448 quocum
725 2364 1012 2430 conferas
1067 2363 1182 2442 22,
1215 2364 1331 2428 40:
1395 2364 1679 2444 facilia
1733 2364 1975 2444 factu,
2042 2367 2214 2429 certe
2268 2363 2469 2447 magis
2524 2369 2623 2428 est
2677 2369 3171 2430 consentaneum

389 2471 622 2556 supina
665 2472 885 2549 altera,
933 2493 1094 2556 quae
1140 2477 1285 2556 post
1329 2473 1644 2536 adiectiva
1686 2472 1922 2552 facilia
1974 2471 2268 2552 difficilis
2314 2476 2379 2535 et
2424 2471 2656 2536 similia
2700 2477 3039 2555 ponuntur,
3084 2474 3169 2538 ad

391 2579 556 2644 dati
570 2601 734 2643 vum
780 2599 970 2664 quam
1015 2579 1100 2645 ad
1143 2577 1490 2644 ablativum
1534 2579 1801 2655 referre3
1847 2578 1922 2644 cf.
1968 2599 2045 2644 ea
2091 2600 2252 2664 quae
2287 2577 2710 2645 Buechelerus
2746 2579 2787 2644 l.
2824 2578 2864 2644 l.
2901 2600 3043 2664 pag.
3081 2579 3165 2646 57

387 2685 470 2752 de
505 2685 630 2751 hac
663 2705 734 2751 re
773 2686 1080 2771 exposuit.

570 2792 696 2859 Sed
743 2794 1074 2859 redeamus
1119 2792 1203 2858 ad
1249 2795 1334 2871 id,
1378 2794 1548 2859 unde
1586 2794 1990 2873 devertimus,
2036 2798 2227 2879 atque
2262 2814 2599 2878 pergamus
2634 2794 2720 2861 ad
2754 2795 3168 2874 substantiva,

387 2914 658 2985 quorum
709 2902 999 2966 notiones
1053 2898 1351 2966 infinitivi
1404 2899 1670 2966 definire
1727 2906 1792 2965 et
1836 2901 2349 2967 circumscribere
2394 2898 2616 2968 solent.
2688 2902 2909 2987 Neque
2952 2908 3169 2969 tamen

388 3007 699 3073 eiusmodi
753 3006 1154 3073 substantiva
1207 3014 1271 3073 et
1325 3007 1622 3073 infinitivi
1675 3013 1809 3073 tam
1863 3014 2005 3073 arte
2058 3009 2228 3074 inter
2282 3030 2349 3074 se
2404 3012 2811 3074 continentur
2867 3030 3055 3094 quam
3100 3008 3169 3075 in

384 3116 590 3181 latino
645 3135 934 3180 sermone
987 3114 1386 3180 substantiva
1436 3102 1709 3180 relatira
1763 3136 1922 3200 quae
1980 3115 2279 3181 dicuntur
2334 3120 2399 3181 et
2445 3116 2555 3201 qui
2601 3116 2691 3182 eis
2737 3117 3169 3201 adiunguntur

385 3224 658 3307 genetivi
697 3221 1008 3305 gerundii,
1053 3222 1164 3287 sed
1201 3223 1488 3307 plerique
1523 3222 1646 3287 loci
1684 3225 1778 3287 ita
1814 3228 1963 3287 sunt
2000 3225 2367 3307 comparati,
2402 3229 2477 3288 ut
2513 3222 2861 3289 infinitivus
2897 3225 2981 3289 ad
3018 3224 3165 3290 sub-
3280 3286 3287 3293 .

385 3331 731 3394 stantivum
786 3330 1078 3413 idemque
1131 3330 1216 3393 ad
1269 3329 1531 3395 verbum
1586 3331 1919 3414 pertineat.
1935 3329 2037 3417 **)
2114 3329 2309 3395 Cuius
2354 3331 2449 3394 rei
2497 3331 2871 3397 documento
2917 3333 3045 3396 sint
3091 3354 3167 3397 ea

384 3458 548 3521 quae
595 3436 904 3501 allaturus
949 3456 1090 3500 sum
1136 3437 1448 3521 exempla:
1493 3436 1543 3513 Ι,
1581 3436 1686 3514 39,
1721 3436 1792 3501 43
1837 3437 2255 3521 yushmakam
2302 3442 2447 3503 astu
2492 3438 2779 3503 tavishi
2823 3439 2979 3502 tana
3013 3438 3165 3522 yuja

381 3543 654 3608 nidraso
709 3548 798 3608 nii
853 3544 956 3609 cid
1000 3530 1316 3623 adhrish
1329 3565 1389 3621 e,
1446 3550 1724 3609 vestrum
1770 3551 1906 3610 esto
1953 3546 2179 3623 robur,
2230 3544 2485 3609 Rudrae
2531 3543 2646 3608 filii
2657 3593 2679 3635 ,
2732 3549 2802 3608 ut
2847 3564 2977 3609 una
3020 3566 3163 3610 cum

381 3648 561 3734 prole
633 3649 928 3715 resistere
1003 3650 1258 3733 possitis
1333 3652 1400 3715 in
1472 3672 1654 3716 omne
1726 3657 1975 3735 tempus
2041 3650 2241 3735 (omni
2303 3652 2610 3735 temporis
2672 3658 2906 3735 puncto
2971 3653 3163 3718 vertit

381 3756 466 3821 M.
505 3756 720 3821 Muell.
758 3778 873 3823 ess.
911 3757 960 3835 Ι,
997 3756 1131 3846 33).
1199 3757 1249 3834 Ι,
1290 3758 1436 3834 104,
1479 3758 1542 3821 1:
1579 3756 1852 3841 yonish
1885 3764 1957 3837 ta
1996 3757 2179 3824 indra
2213 3758 2533 3823 nishade
2570 3757 2814 3836 akari,
2852 3761 3161 3843 gremium

378 3862 522 3941 tibi,
559 3863 774 3941 Indra‚
811 3864 896 3929 ad
931 3865 1279 3930 sedendum
1316 3872 1609 3949 paratum
1647 3871 1759 3930 est.
1816 3864 1866 3941 I,
1898 3864 2191 3941 117,„17:
2220 3864 2468 3949 jyotir
2494 3865 2791 3950 andhaya
2819 3866 3162 3932 cakrathur

381 3970 772 4048 vicakshe,
807 3970 1009 4036 visum
1047 3994 1232 4037 caeco
1269 3972 1506 4037 fecistis
1543 3972 1622 4037 ad
1656 3972 2295 4055 circumspiciendum.
2350 3973 2400 4051 Ι,
2430 3974 2533 4050 89,
2562 3974 2631 4038 23
2669 3974 2830 4039 deva
2856 3996 2941 4039 na
2965 3975 3159 4058 ayub

379 4081 500 4162 pra
535 4080 834 4144 tirantu
864 4078 1144 4162 jivase,
1183 4080 1284 4145 dei
1322 4083 1600 4145 nostram
1637 4084 1912 4145 aetatem
1948 4076 2303 4163 producant
2336 4080 2422 4145 ad
2458 4081 2805 4146 vivendum.
2859 4080 2909 4159 Ι,
2943 4081 3051 4159 44,
3088 4081 3158 4147 63

561 4309 619 4379 *)
660 4308 718 4365 Si
756 4309 922 4365 fidem
960 4310 1228 4385 habemus
1266 4308 1348 4365 eis
1387 4326 1529 4379 quae
1566 4310 1981 4366 Hildebraudus
2020 4310 2297 4380 congessit
2334 4310 2620 4383 exemplis,
2659 4311 2808 4382 apud
2837 4305 3156 4367 Ciceronem

379 4400 521 4455 haec
569 4398 862 4465 adiectiva„
913 4414 1054 4468 quae
1104 4416 1226 4453 cum
1275 4399 1461 4454 dativo
1509 4398 1766 4469 coniungi
1811 4408 2059 4471 possunt,
2115 4417 2239 4456 cum
2284 4398 2481 4470 supino
2530 4400 2707 4455 altero
2746 4399 3039 4455 coniuncta
3074 4401 3153 4457 le-

379 4496 610 4558 guntur:
659 4486 909 4554 difficilis
945 4488 1117 4545 vicies
1155 4493 1367 4558 quater,
1415 4487 1604 4554 facilis
1642 4488 2139 4559 quinquiesdecieS,
2188 4491 2430 4559 optimus
2474 4488 2664 4556 octies,
2714 4490 2895 4559 turpis
2940 4494 3155 4558 quater,

375 4577 582 4645 foedus
635 4576 832 4643 semel,
881 4578 1146 4647 proclivis
1201 4577 1398 4643 semel,
1454 4581 1799 4633 necessarius
1853 4579 2050 4645 semel,
2108 4579 2425 4634 com-modus
2470 4578 2665 4644 semel,
2722 4577 3008 4633 iucundas
3052 4578 3153 4645 bis,

376 4683 552 4737 yrave
596 4666 700 4721 bis.
776 4668 972 4735 Itaque
1019 4664 1066 4721 si
1112 4666 1255 4721 ratio
1303 4673 1535 4734 constat,
1584 4666 1776 4723 Cicero
1821 4668 2260 4739 undesexaginta
2307 4668 2443 4723 locis
2490 4668 2695 4723 talibus
2734 4666 3026 4723 adiectivis
3064 4684 3153 4725 su-

377 4755 572 4826 pinum
609 4754 847 4811 alterum
885 4754 1158 4811 adiecisse
1197 4755 1594 4813 existimandus
1631 4764 1732 4811 est.

523 4843 612 4915 **)
652 4844 734 4901 Cf.
771 4844 960 4900 Delbr.
1002 4844 1037 4899 1.
1077 4844 1114 4899 l.
1151 4862 1204 4916 p.
1245 4846 1328 4901 98.
