3911 5522
1561 413 1812 512 „39
1846 507 1858 512 -

389 613 448 676 ic
491 610 718 678 haebbe
763 611 962 678 mihte
1008 615 1090 694 pe
1135 610 1212 676 to
1259 609 1502 676 honne
1547 612 1676 676 and
1721 613 1780 675 ic
1823 609 2053 676 haebbe
2100 608 2299 673 mihte
2346 609 2429 691 pii
2462 605 2543 671 to
2581 604 3037 669 forlsbtenne
3072 631 3160 658 =

387 714 513 788 οὐκ
561 717 746 799 οἶδας
793 711 899 786 ὅτι
948 718 1256 800 ἐξουσίαν
1305 713 1433 802 ἔχω
1483 721 1864 804 σταυρῶσαί
1904 737 1973 784 σε
2015 719 2129 782 καὶ
2167 715 2477 798 ἐξουσίαν
2518 711 2646 800 ἔχω
2685 707 3020 780 ἀπολῦσαί
3058 731 3128 778 σε
3140 738 3163 792 ,·

387 830 578 895 Marc.
619 831 680 904 2,
722 831 830 894 10:
893 828 976 892 he
1036 827 1209 892 haefd
1265 826 1547 892 anweald
1607 825 1674 891 to
1733 825 2181 910 forgyfanne
2218 855 2305 881 ---·
2346 823 2655 905 ἐξουσίαν
2713 817 2841 904 ἔχει
2896 813 3163 902 ἀφιέναι

387 927 725 1020 ἁμαρτίας.
784 935 1037 1000 Scilicet
1065 934 1351 1011 Romani,
1389 955 1656 1018 quorum
1692 933 1911 1017 lingua
1945 933 2215 998 articulo
2253 937 2517 1007 careret,
2554 932 2776 996 eodem
2814 930 2999 994 modo
3038 949 3162 1013 quo

389 1043 618 1110 Graeci
666 1049 731 1108 et
770 1042 1067 1108 Germani
1115 1039 1428 1106 infinitivo
1474 1041 1568 1105 uti
1615 1061 1740 1106 non
1789 1046 2152 1124 potuerunt,
2199 1040 2311 1105 sed
2358 1046 2573 1105 tamen
2620 1041 2684 1102 in
2720 1037 2909 1102 huius
2946 1038 3163 1121 populi

385 1151 604 1234 lingua
639 1151 844 1216 simile
882 1149 1036 1232 quid
1073 1151 1403 1232 reperitur.
1460 1149 2003 1226 Quemadmodum
2040 1151 2207 1214 enim
2242 1147 2561 1212 nonnullis
2601 1146 2981 1229 scriptorum
3016 1145 3163 1208 lati-

385 1279 614 1324 norum
651 1259 805 1324 locis
841 1255 1136 1322 infinitivi
1175 1259 1643 1342 praepositione
1680 1259 1889 1322 ornati
1927 1255 2240 1339 leguntur,
2278 1256 2471 1320 veluti
2508 1255 2659 1319 Hor.
2689 1253 2817 1318 Sat.
2845 1252 2930 1329 II,
2958 1252 3019 1329 5,
3047 1253 3162 1317 69:

397 1367 798 1449 invenietque
825 1365 942 1430 Nil
977 1365 1101 1430 sibi
1139 1365 1413 1446 leyatum
1441 1370 1758 1445 praeter
1782 1365 2106 1444 plorare
2132 1365 2415 1446 suisque3
2452 1362 2630 1427 Ovid.
2659 1361 2806 1426 Her.
2835 1360 2977 1437 VII,
3009 1360 3163 1441 164,

391 1473 566 1555 quod
621 1473 856 1537 crimen
911 1472 1071 1537 dicis
1116 1476 1434 1552 praeter
1490 1491 1781 1536 armasse
1835 1492 2065 1548 mcum3
2120 1469 2292 1547 XIX,
2335 1471 2432 1532 16.
2508 1467 2632 1533 Cic.
2670 1469 2749 1532 de
2787 1466 2891 1531 fin.
2930 1468 3011 1544 II,
3057 1468 3161 1531 13:

387 1579 610 1644 Aristo
683 1584 738 1643 et
805 1578 1056 1662 Pyrrho
1129 1579 1154 1641 i
1163 1583 1331 1641 nte-r
1405 1579 1633 1658 optime
1699 1577 1907 1642 vale-re
1973 1583 2031 1642 et
2092 1578 2465 1659 yravissime
2530 1596 2615 1640 ae
2625 1579 2936 1657 yrotare
3000 1573 3164 1638 nih-il

377 1707 655 1768 prorsus
729 1687 1018 1752 dicebant
1088 1686 1487 1762 interesse;
1561 1683 1774 1750 Senec.
1823 1686 1902 1750 de
1947 1683 2154 1748 benef.
2204 1684 2278 1760 V,
2320 1685 2434 1748 10:-
2504 1682 2771 1746 mu-ltum
2842 1681 3165 1745 interest

389 1795 595 1858 inter
642 1794 829 1858 dare
866 1797 924 1856 et
961 1793 1332 1872 accipere,
1383 1793 1474 1856 sic
1507 1792 1760 1858 Persius
1799 1798 1864 1857 et
1899 1792 2253 1868 PetroniuS,
2296 1795 2523 1874 poetae
2560 1787 2791 1853 aetatis
2826 1792 3165 1871 argenteae

390 1921 580 1986 quam
609 1904 857 1976 vocant,
894 1897 1204 1964 infinitivo
1235 1918 1581 1981 pronomen
1609 1899 2029 1982 possessivum
2056 1897 2702 1973 accommodaverunt,
2729 1895 2804 1960 cf.
2832 1895 3003 1960 Pers,
3034 1894 3163 1960 Sat.

389 2007 516 2092 (ed.
563 2005 772 2094 Iahn.)
836 2006 884 2082 1,
929 2007 999 2070 9:
1063 2012 1402 2070 nostrum
1465 2007 1693 2081 viver63
1757 2007 1806 2084 I,
1853 2006 1967 2070 27:
2032 2007 2225 2070 scire
2290 2010 2523 2080 tuum3
2592 2002 2641 2080 I,
2692 2001 2849 2094 122:
2913 2003 3166 2066 ridere

388 2135 646 2186 meum3
700 2114 774 2190 V,
812 2113 926 2178 33:
979 2113 1168 2177 velle
1221 2134 1434 2177 suum
1488 2114 1714 2194 cuique
1759 2118 1848 2178 est
1893 2134 2005 2178 nec
2050 2118 2189 2178 voto
2237 2112 2475 2176 vivitur
2520 2131 2667 2176 uno.
2742 2109 2995 2175 Petron.
3034 2108 3163 2174 Sat.

395 2243 447 2285 c.
487 2221 602 2284 52:
637 2241 868 2286 meum
905 2221 1346 2302 intelleyere
1383 2221 1570 2284 mella
1596 2221 1878 2300 pecunia
1913 2221 2131 2284 vendo.

566 2327 944 2392 Posterioris
982 2348 1228 2410 quoque
1267 2329 1572 2410 temporis
1610 2349 1684 2392 ac
1721 2349 1866 2392 vere
1902 2327 2157 2412 quidem
2193 2326 2430 2392 latinus
2468 2331 2565 2390 est
2593 2323 2937 2390 infinitivus
2966 2323 3165 2390 hist-o-

389 2435 556 2499 ricus
595 2434 704 2518 qui
741 2433 992 2510 dicitur,
1028 2455 1152 2516 quo
1193 2435 1316 2498 iam
1354 2455 1396 2498 a
1423 2433 1633 2500 Plauti
1670 2433 2060 2518 temporibus
2097 2455 2221 2499 non
2260 2434 2447 2498 modo
2484 2433 2822 2516 scriptores
2860 2431 3165 2506 historici,

390 2543 698 2624 imprimis
737 2540 1094 2616 SallustiuS,
1140 2541 1248 2604 sed
1288 2540 1482 2606 etiam
1516 2547 1740 2626 poetae
1778 2563 1966 2626 saepe
2002 2547 2284 2606 utuntur.
2299 2540 2364 2627 ²¹²)
2436 2540 2499 2604 Is
2536 2540 2704 2604 enim
2740 2539 3016 2624 ponitur,
3052 2538 3163 2602 ubi

390 2649 622 2712 omissa
657 2648 1048 2712 accuratiore
1083 2649 1406 2731 temporis,
1443 2649 1705 2724 numeri,
1741 2669 2049 2732 personae
2087 2648 2411 2713 notatione
2440 2648 2507 2710 in
2533 2648 2893 2712 universum
2922 2644 3164 2730 aliquid

389 2753 527 2819 fieri
577 2755 670 2819 vel
718 2755 784 2818 in
831 2759 1003 2819 statu
1049 2755 1262 2839 aliquo
1310 2776 1444 2821 esse
1491 2754 1853 2843 dicitur.**)
1927 2755 2149 2841 Itaque
2196 2755 2380 2820 factis
2420 2754 2514 2819 vel
2552 2754 2761 2831 rebuS,
2804 2775 2965 2839 quae
3003 2752 3163 2817 cele-

391 2864 550 2927 riter
593 2884 660 2926 se
707 2860 834 2925 alia
879 2861 1068 2926 aliam
1117 2860 1455 2945 excipiunt,
1499 2884 1626 2929 non
1674 2870 1806 2927 tam
1843 2864 2212 2928 enarrandis
2252 2884 2439 2947 quam
2479 2860 2867 2927 illustrandis
2905 2859 3166 2925 inservit

391 2970 768 3051 modumque
809 2967 1040 3051 agendi
1088 2968 1377 3051 explicat.
1453 2970 1661 3047 Quare
1708 2971 1765 3034 ei
1813 2992 2028 3035 errare
2075 2970 2385 3047 videntur,
2431 2972 2538 3053 qui
2585 2970 2772 3033 huius
2809 2973 3165 3033 structurae

391 3078 700 3141 rationem
738 3075 821 3140 ad
858 3074 1058 3139 solum
1097 3076 1524 3142 commotioris
1559 3077 1754 3141 animi
1789 3076 2085 3142 affectum
2114 3076 2411 3153 referant,
2450 3076 2601 3141 licet
2628 3080 2939 3141 commoto
2968 3073 3163 3155 scrip-

391 3183 550 3247 toris
595 3181 822 3259 animo,
869 3181 976 3265 qui
1024 3182 1092 3247 id
1136 3188 1384 3247 tantum
1423 3184 1577 3265 agit,
1621 3188 1694 3247 ut
1731 3183 1904 3249 verbi
1944 3185 2119 3247 notio
2158 3183 2477 3259 efferatur,
2522 3183 2643 3247 hoc
2678 3181 2927 3247 dicendi
2968 3202 3165 3264 genus

392 3290 784 3372 aptissimum
823 3288 922 3352 sit.
979 3288 1279 3353 Nonnulli
1317 3290 1673 3373 scriptoreS,
1709 3295 1783 3354 ut
1819 3289 2174 3366 Sallustius,
2210 3289 2444 3366 LiviuS,
2480 3289 2756 3365 Tacitus,
2794 3290 2987 3352 etiam
3020 3291 3167 3370 post

394 3396 860 3461 coniunctiones
906 3393 1284 3460 infinitivum
1330 3396 1702 3462 historicum
1745 3396 2269 3483 posuerunt,***)
2317 3402 2389 3461 at
2423 3396 2679 3461 Tacit-us
2716 3416 2856 3459 eam
2892 3392 3166 3459 servavit

571 3660 628 3727 ¹⁸¹)
667 3658 746 3714 Of.
787 3660 996 3714 Holtzii
1043 3658 1163 3715 libr.
1204 3662 1274 3724 11,
1313 3678 1435 3730 pag.
1476 3664 1689 3717 29-30
1736 3668 1792 3716 et
1830 3662 2095 3717 Gerlachi
2143 3666 2429 3716 comment.
2480 3660 2549 3715 ad
2590 3660 2910 3716 Sallustium
2950 3660 3053 3714 vol.
3094 3662 3163 3725 ΙΙ,

397 3765 519 3818 pag.
559 3750 663 3803 317
705 3766 840 3817 sqq.,
890 3765 1118 3817 quorum
1165 3749 1309 3804 alter
1357 3750 1612 3819 exempla
1657 3750 1916 3805 Plautina
1964 3757 2022 3805 et
2068 3750 2421 3813 Terentiana,
2471 3749 2616 3804 alter
2652 3749 2989 3805 Sallustiana
3036 3766 3163 3803 con-

391 3838 577 3906 gessit.
655 3836 755 3891 His
804 3838 948 3892 addo
995 3838 1105 3893 Cic.
1145 3840 1300 3893 Verr.
1341 3840 1433 3903 lv,
1475 3841 1567 3893 18:
1617 3841 1754 3907 quia
1797 3854 1916 3893 non
1955 3844 2225 3907 potuerat
2270 3840 2477 3906 eripere
2524 3844 2815 3909 amentum
2862 3841 2977 3909 ipse
3022 3838 3164 3893 Dio-

394 3926 548 3994 doro,
596 3930 786 3993 erepta
821 3926 926 3979 sibi
959 3943 1100 3979 vasa
1139 3928 1338 3996 optime
1372 3928 1536 3993 facta
1575 3928 1816 3981 dicebat.-
1859 3929 2182 3982 minitari
2218 3928 2431 3981 absenti
2466 3927 2738 3996 Diodoro,
2784 3928 3169 3994 vociferari

387 4016 604 4083 palam,
653 4014 915 4068 lacrimas
961 4016 1242 4069 interdum
1286 4018 1383 4069 vix
1419 4022 1656 4071 tenere.
1731 4018 2032 4085 Verg.,VI,
2072 4018 2173 4071 491
2215 4034 2359 4085 sqq.:
2406 4023 2471 4069 ut
2506 4016 2693 4070 videre
2728 4018 2911 4071 virum
2948 4018 3165 4087 ful-qen-

395 4105 586 4167 niaque
634 4119 796 4156 arma
835 4120 942 4171 per
977 4106 1220 4173 umbras,
1271 4106 1499 4174 Inyenti
1535 4106 1888 4173 trepidare
1923 4112 2101 4172 metm
2139 4122 2283 4175 pars
2318 4112 2577 4159 vertere
2614 4111 2787 4176 tergm,
2838 4105 2949 4159 Ceu
2989 4120 3164 4171 quon-

400 4190 532 4243 dam
561 4193 770 4259 petiere
804 4196 983 4257 rate35
1014 4209 1155 4260 pars
1193 4194 1430 4247 tollere
1469 4210 1663 4247 vocem.
1719 4196 1762 4259 I,
1792 4195 1911 4248 423.
1953 4196 2025 4261 ΙΙ,
2063 4197 2148 4261 97,
2191 4198 2307 4256 132,
2350 4198 2469 4259 169,
2508 4196 2629 4259 685,
2660 4196 2765 4249 775
2802 4220 2869 4237 =
2910 4196 3005 4260 ΙΙΙ,
3038 4196 3165 4258 153;

394 4280 544 4345 vm,
581 4282 666 4334 35.
725 4281 821 4345 ΙΙΙ,
864 4281 980 4345 140,
1020 4284 1140 4335 666.
1199 4282 1291 4346 IV,
1329 4282 1450 4336 420.
1507 4284 1572 4347 V,
1613 4284 1731 4337 685.
1790 4284 1883 4348 VI,
1925 4286 2044 4348 199,
2084 4286 2203 4339 557.
2253 4284 2375 4349 VII,
2417 4285 2499 4339 15.
2548 4284 2697 4347 VIII,
2736 4286 2858 4349 215,
2898 4284 3018 4338 493.
3068 4285 3164 4348 ΙΧ,

394 4370 516 4433 377,
556 4370 678 4433 509,
717 4370 839 4423 538.
908 4368 974 4433 X,
1014 4370 1137 4434 267,
1176 4371 1296 4433 287,
1337 4372 1457 4435 299,
1496 4372 1616 4425 458.
1684 4372 1780 4437 XI,
1819 4374 1941 4427 883.
2010 4373 2074 4426 G.
2114 4374 2155 4437 Ι,
2196 4374 2315 4437 199,
2355 4374 2475 4436 383,
2514 4374 2633 4427 395.
2702 4372 2856 4427 ovid.
2898 4374 3031 4427 Met.
3072 4374 3165 4437 vl,

395 4458 502 4511 639
539 4474 658 4525 sqq.
731 4456 925 4511 Plures
971 4457 1090 4512 sere
1137 4457 1398 4512 infinitivi
1448 4459 1696 4514 historici
1743 4476 1864 4517 sese
1914 4460 2223 4530 excipiunt,
2280 4478 2405 4515 raro
2454 4478 2619 4515 unus
2666 4468 2879 4515 tantum
2926 4461 3164 4531 ponitur,

399 4544 551 4599 velut
597 4546 728 4599 Hor.
769 4546 880 4599 Sat.
921 4548 962 4610 Ι,
1001 4548 1050 4610 5,
1092 4548 1186 4602 12:
1233 4548 1350 4601 iam
1395 4564 1510 4601 nox
1555 4548 1819 4603 inducere
1865 4550 2027 4603 terris
2072 4550 2305 4604 Umbras
2350 4556 2401 4603 et
2446 4550 2599 4603 caelo
2644 4550 2961 4615 diffundere
3004 4552 3169 4618 simia

387 4634 669 4701 parabat;
710 4634 850 4688 Tum
879 4636 1055 4702 pueri
1089 4637 1303 4706 nautas,
1340 4638 1530 4703 pueris
1567 4638 1818 4691 convicia
1855 4644 2072 4691 nautae
2107 4639 2459 4707 Inyererex
2496 4638 2563 4693 cf.
2604 4640 2647 4704 1,
2686 4640 2735 4703 5,
2775 4640 2860 4693 30.

549 4722 635 4790 Ι·’·“)
672 4724 828 4777 Haec
865 4721 1194 4777 Gerlachius
1242 4723 1274 4777 l.
1314 4724 1350 4777 1.
1391 4742 1514 4793 pag.
1553 4728 1658 4780 316
1706 4725 1860 4791 dicit,
1911 4726 2005 4795 qui
2054 4726 2327 4796 exemplis
2372 4726 2661 4795 permultis
2700 4726 2889 4781 allatis
2926 4732 2983 4781 et
3021 4726 3169 4781 inter

396 4826 457 4865 se
495 4810 826 4878 comparatis
863 4811 1294 4879 ponderatisque
1331 4812 1400 4867 de
1437 4815 1542 4867 hac
1581 4821 1858 4868 structura
1895 4814 2311 4869 accuratissime
2351 4802 2626 4870 disseruit.

527 4898 634 4966 ”⁸5
673 4899 752 4953 Cf.
811 4915 880 4955 ea
935 4914 1078 4966 quae
1123 4899 1602 4955 Weissenbornius
1659 4904 1728 4959 ad
1775 4902 1894 4959 Liv.
1943 4904 2043 4971 111,
2092 4905 2177 4969 37,
2215 4905 2249 4959 5
2308 4910 2471 4973 (cum
2524 4906 2840 4969 interim),
2898 4905 2966 4969 ΙΙ,
3005 4906 3091 4968 27,
3133 4908 3163 4959 1
