3911 5522
1526 383 1781 485 „15

346 578 698 668 proficitur,
745 581 820 647 cf.
859 581 1078 647 Kuhni
1115 603 1257 646 ann.
1301 579 1401 658 15,
1439 581 1586 646 304.
1659 580 1906 646 Deinde
1954 581 2123 645 idem
2168 578 2464 645 suffixum
2509 601 2731 663 -μεναι
2777 581 3009 646 litteris
3056 605 3124 645 αι

349 690 614 756 abiectis
655 691 719 753 in
755 712 877 773 μεν
914 690 1278 781 mutilatum
1317 710 1452 754 esse
1479 688 1652 753 hisce
1681 687 2074 770 intellegitur
2101 686 2347 751 formis:
2388 685 2561 769 ἲ-μεν
2587 687 2672 765 Α,
2706 687 2852 766 170,
2882 711 2943 767 α,
2970 687 3124 767 441,

349 793 534 880 ἔ-μεν
573 797 642 876 A,
672 796 823 874 299,
862 819 914 876 ε,
945 795 1096 876 257,
1135 791 1364 879 ἔμ-μεν
1403 799 1457 874 ξ,
1487 795 1638 874 332,
1669 798 1750 872 Σ,
1780 794 1932 873 364,
1963 792 2349 878 φευγ-έ-μεν
2386 797 2467 872 Κ,
2501 793 2647 873 147,
2677 816 2719 872 ι,
2746 794 2855 873 43,
2894 792 3122 859 ἐλαυν-

348 903 560 988 -έ-μεν
619 907 694 983 Ε,
741 903 891 983 327,
947 927 1007 988 η,
1051 903 1198 982 109,
1256 896 1488 985 δό-μεν
1545 902 1615 981 A,
1653 901 1804 980 379,
1859 923 1919 984 ρ,
1958 901 2111 980 404,
2168 898 2509 984 {ae-&fleu
2564 901 2633 978 A,
2672 901 2822 981 247,
2876 925 2935 984 γ,
2977 901 3125 979 188,

347 1010 741 1097 τραφ-έ-μεν
799 1014 881 1089 H,
924 1011 1070 1094 199,
1116 1032 1176 1093 γ,
1213 1009 1321 1087 28,
1379 1006 1701 1091 εἰπ-έ-μεν
1757 1011 1838 1088 H,
1877 1008 2029 1086 373,
2064 1031 2123 1092 γ,
2165 1008 2269 1086 89,
2323 1006 2798 1093 πεπληγ-έ-μεν
2853 1009 2936 1087 ΙΙ,
2978 1007 3124 1087 728,

348 1117 703 1201 φαγ-έομεν
749 1140 812 1197 κ,
850 1116 998 1181 386.
1072 1116 1362 1200 Denique
1418 1115 1949 1179 commemorandi
2005 1119 2155 1178 sunt
2199 1112 2520 1179 infinitivi:
2578 1115 2813 1178 δοῦναι
2864 1117 2935 1194 0,
2975 1115 3125 1194 216,

349 1249 412 1304 α,
440 1224 593 1303 292,
627 1224 990 1308 διαγνῶναι
1029 1227 1113 1303 H,
1140 1222 1292 1302 424,
1333 1222 1528 1286 δῦναι
1566 1224 1647 1301 Β,
1675 1221 1828 1300 413,
1856 1244 1917 1300 ν,
1947 1221 2055 1299 30,
2092 1225 2316 1284 θεῖναι
2354 1222 2424 1299 A,
2454 1221 2560 1300 26,
2587 1243 2648 1299 ν,
2683 1219 2828 1300 156,
2868 1212 3124 1284 ἁλῶναι

347 1334 439 1411 Μ,
483 1331 630 1410 172,
670 1353 720 1408 ε,
760 1331 911 1410 312,
958 1337 1215 1416 στῆναι,
1261 1332 1339 1408 Φ,
1379 1329 1530 1407 266,
1567 1351 1626 1412 ρ,
1664 1328 1816 1407 439,
1863 1327 2095 1411 quibus
2143 1328 2419 1410 adiungo
2467 1347 2571 1390 eos
2610 1325 2971 1404 infinitivos,
3017 1329 3123 1411 qui

346 1438 533 1520 vulgo
572 1441 636 1501 in
675 1460 825 1518 -ειν,
871 1436 1172 1502 Lesbiace
1209 1444 1274 1500 et
1313 1435 1619 1500 Laconico
1657 1437 1723 1498 in
1759 1458 1870 1521 -ην
1908 1433 2304 1521 (ουμφέρην,
2343 1432 2644 1518 συνέχην,
2684 1432 2899 1518 εἲπην,
2938 1425 3125 1518 ἄγην,

350 1539 738 1630 ἐπιδεύσην,
785 1542 1062 1630 κρέκην,
1109 1543 1553 1629 φροντίσδην,
1601 1541 1678 1607 cf.
1726 1542 1992 1606 Ahrens.
2042 1543 2121 1607 (le
2167 1542 2415 1606 dialect.
2462 1540 2617 1604 aeol.
2665 1561 2725 1622 p.
2774 1539 2908 1624 89),
2954 1540 3127 1622 apud

347 1651 549 1716 Dores
598 1653 662 1714 in
707 1673 812 1715 -εν
850 1656 1100 1726 exeunt,
1143 1650 1317 1714 velut
1353 1648 1577 1733 φέρεν,
1625 1640 1942 1733 ὑπάρχει),
1992 1649 2283 1731 σπείρεν,
2332 1645 2571 1727 {gt-*2515
2618 1643 2919 1730 ἐμβαλέν,
2964 1645 3125 1711 νοέν

347 1789 435 1814 --
471 1769 678 1838 νοετν,
715 1755 914 1823 ποιέν
939 1787 1029 1814 =
1056 1770 1302 1836 ποιεῖν,
1340 1755 1416 1822 cf.
1447 1755 1712 1820 Ahrens.
1754 1756 1832 1820 de
1870 1755 2017 1818 dial.
2058 1755 2191 1818 dor.
2221 1777 2279 1838 p.
2315 1754 2457 1832 176,
2496 1753 2642 1830 177,
2682 1774 2839 1837 quos
2868 1759 3125 1818 cunctos

349 1888 428 1930 ex
470 1887 615 1930 uno
661 1862 889 1930 suffixo
934 1865 1312 1948 repetendos
1349 1884 1486 1928 esse
1523 1864 1830 1928 existimo,
1903 1861 2126 1945 Neque
2164 1867 2377 1925 tamen
2412 1860 2483 1923 L.
2524 1859 2779 1943 Meyero
2816 1861 3123 1924 assentire

345 1993 622 2055 possum,
660 1973 766 2056 qui
795 1971 955 2036 tales
984 1971 1239 2047 formas,
1267 1971 1485 2054 quales
1513 1975 1662 2034 sunt
1691 1968 1995 2034 διδοῦναι
2026 1997 2113 2023 =
2144 1968 2459 2044 διδοεναι,
2490 1967 2729 2031 δοῦναι
2756 1997 2845 2022 =
2880 1967 3126 2044 δοεναι,

350 2079 566 2158 δῦναι,
604 2085 860 2164 στῆναι,
897 2076 1120 2157 ἰδέειν,
1159 2076 1328 2142 ἰδεῖν
1366 2099 1440 2142 ex
1480 2079 1814 2141 decurtata
1851 2073 2062 2140 suffixi
2100 2095 2295 2158 μεναι
2321 2074 2527 2138 forma
2556 2079 2729 2138 ortas
2760 2093 2895 2138 esse
2921 2079 3125 2158 putat.

209 2261 216 2278 Ι
346 2185 481 2251 Has
525 2188 734 2269 potius
779 2183 984 2250 refero
1032 2185 1114 2248 ad
1161 2182 1456 2272 suffixum
1504 2206 1699 2261 -εναι,
1747 2181 1822 2248 cf.
1871 2181 2179 2246 Schleich.
2228 2182 2267 2244 l.
2306 2181 2343 2244 l.
2380 2204 2439 2263 p.
2476 2181 2639 2256 410,
2687 2181 2857 2264 quod
2906 2181 3126 2245 eodem

347 2293 535 2357 modo
590 2299 782 2376 atque
835 2289 1128 2356 suffixum
1186 2313 1416 2375 -μεναι
1473 2292 1767 2354 extremis
1813 2289 2046 2352 litteris
2094 2311 2169 2351 αι
2209 2288 2585 2352 destitutum
2632 2292 2912 2370 apparet.
2987 2286 3126 2351 Hoc

349 2401 564 2464 vedioo
611 2400 824 2465 dativo
872 2419 1024 2463 -ane
1067 2396 1279 2462 suffixi
1327 2419 1415 2461 an
1461 2397 1841 2480 respondere
1885 2395 2041 2459 mihi
2089 2395 2358 2469 videtur,
2408 2393 2581 2456 cuius
2620 2395 2887 2476 vestigia
2926 2395 2987 2456 in
3024 2393 3125 2458 his

347 2506 758 2571 substantivis
804 2507 1146 2588 conspicio:
1205 2505 1630 2582 dhiirv-ane
1677 2503 1784 2580 IX,
1822 2502 1927 2579 61,
1966 2503 2054 2566 30
2088 2531 2177 2558 z
2216 2500 2334 2564 SV.
2381 2499 2464 2576 II,
2508 2501 2659 2564 130:
2703 2505 2793 2584 ya
2838 2505 2912 2563 te
2956 2500 3124 2564 bhi-

347 2618 564 2696 many
611 2613 918 2696 ayudha
963 2613 1282 2694 tigmani
1328 2613 1528 2676 santi
1579 2611 1961 2690 ‹lhfirvane
2004 2611 2012 2693 Ι
2052 2606 2333 2673 raksha
2376 2628 2715 2691 samasya
2750 2628 2832 2670 no
2867 2607 3125 2687 nidab,

347 2741 510 2805 quae
556 2719 671 2784 tibi
721 2719 1038 2785 terribilia
1081 2720 1214 2784 tela
1260 2719 1384 2805 (et)
1431 2724 1621 2783 acuta
1665 2722 1815 2782 sunt
1851 2717 1946 2781 ad·
1971 2715 2401 2799 pugnandum,
2447 2713 2598 2801 (eis)
2636 2721 2854 2780 tueare
2889 2735 3005 2779 nos
3042 2713 3123 2779 ab

349 2830 518 2893 omni
575 2833 1033 2911 contemptore,
1086 2828 1450 2904 turv-ane
1505 2825 1680 2902 VIII,
1718 2826 1780 2901 9,
1823 2824 1921 2887 13.
1965 2824 2067 2899 12,
2112 2824 2210 2887 19.
2269 2822 2379 2899 VI,
2415 2822 2523 2898 46,
2562 2822 2617 2885 8.
2666 2822 2840 2899 VIII,
2876 2822 2983 2899 45,
3021 2822 3124 2885 27.

347 2935 426 3011 Χ,
463 2934 568 3010 93,
614 2936 723 3009 1ος
775 2933 1186 2998 vibhv-ane
1224 2933 1279 2997 V
1284 2934 1332 3009 1,
1370 2933 1474 3009 61,
1517 2933 1616 3009 13,
1663 2931 1773 2995 ubi
1810 2931 2091 2995 dativum
2142 2928 2639 2994 instrumentalis
2677 2929 2813 2993 loco
2852 2931 3127 3012 positum

347 3063 484 3106 esse
521 3041 794 3105 Rothius
832 3048 1044 3105 censet
1081 3040 1146 3104 in
1191 3041 1310 3105 lex.
1349 3039 1541 3115 Petr.,
1577 3038 1661 3102 M.
1702 3038 2044 3102 Muellerus
2082 3036 2259 3115 RVS.
2298 3037 2414 3101 vol.
2456 3035 2505 3113 Ι,
2540 3057 2598 3118 p.
2629 3036 2716 3099 34
2752 3026 2895 3100 hu&
2911 3035 3123 3100 refert.

345 3148 446 3213 Ex
471 3146 755 3213 bactrica
780 3148 999 3230 lingua
1031 3147 1247 3211 eodem
1280 3148 1555 3229 pertinet
1583 3146 1834 3210 dativus
1859 3144 2203 3208 ukhshne
2232 3142 2427 3207 subst.
2468 3141 2762 3207 ukshan
2798 3141 2877 3226 (v
2896 3142 3127 3227 vaksh)

347 3255 448 3319 vd.
485 3254 550 3331 4,
583 3255 728 3330 124,
767 3252 976 3337 Spieg.
1016 3275 1232 3318 comm.
1264 3253 1313 3329 Ι,
1341 3276 1399 3338 p.
1436 3252 1578 3317 135.
1637 3252 1780 3317 Huc
1817 3272 2069 3335 quoque
2104 3250 2327 3314 dubito
2364 3270 2447 3313 an
2478 3248 2787 3314 Gotormn
2814 3247 3127 3325 infinitivi,

349 3363 458 3447 qui
489 3362 556 3425 in
584 3383 703 3425 -an
732 3362 1173 3437 terminantur,
1209 3360 1404 3425 veluti
1434 3362 1684 3442 aigan,
1712 3359 2056 3442 possidere,
2094 3357 2349 3439 giban,
2378 3357 2549 3434 dare,
2584 3378 2874 3439 magau,
2900 3356 3127 3432 valere,

349 3469 702 3545 standan,
756 3473 954 3543 stare,
1011 3473 1074 3531 et
1123 3468 1582 3531 Germanorum
1637 3466 1896 3549 quidam
1953 3466 2019 3529 in
2066 3484 2229 3527 -nne
2276 3470 2574 3529 exeuntes
2620 3462 2933 3527 referendi
2982 3464 3127 3539 sint,

347 3597 506 3660 quos
544 3596 758 3639 omnes
795 3596 994 3658 aeque
1031 3580 1224 3659 atque
1262 3596 1519 3657 graecos
1558 3574 1624 3637 in
1662 3596 1793 3636 -ειν
1833 3580 2009 3637 term.
2041 3570 2383 3637 Schererus
2420 3568 2615 3653 symb.
2655 3569 2754 3634 ad.
2794 3569 2938 3633 hist.
2978 3570 3126 3650 ling.

348 3704 542 3766 germ.
589 3705 648 3765 p.
695 3682 830 3745 474
884 3683 1186 3747 locativos
1243 3703 1378 3745 esse
1434 3680 1977 3745 substantivorum
2024 3700 2112 3742 an
2160 3675 2389 3742 suffixo
2435 3675 2851 3742 formatorum
2897 3682 3125 3741 censet.

347 3790 562 3854 Facile
609 3792 776 3853 enim
821 3788 960 3853 ficri
1003 3791 1233 3871 potuit,
1277 3794 1351 3851 ut
1399 3786 1601 3851 dativi
1645 3786 2011 3851 terminatio
2051 3784 2120 3847 ai
2158 3784 2531 3859 afficeretur,
2579 3783 2748 3866 quod
2784 3785 2846 3846 in
2886 3784 3129 3865 graecis

350 3894 674 3960 infinitivis
713 3896 1091 3979 quibusdam
1125 3895 1359 3959 factum
1399 3916 1534 3958 esso
1572 3914 1765 3976 supra
1801 3891 2086 3955 vidimus,
2160 3890 2381 3972 Neque
2419 3890 2485 3954 id
2524 3891 2727 3953 minus
2766 3911 2843 3953 ex
2878 3912 2997 3954 usu
3036 3892 3127 3953 in-

349 4002 738 4067 finitivorum
776 4009 921 4085 got„
967 4002 1304 4086 praecipue
1345 4021 1578 4075 eorum,
1625 4000 1733 4083 qui
1773 4020 1914 4062 cum
1951 3998 2417 4081 praepositione
2457 3998 2545 4061 du
2583 3997 2777 4060 iuncti
2817 3997 3129 4078 leguntur,

349 4131 655 4195 apparere
681 4110 931 4174 videtur
959 4130 1066 4173 eos
1095 4130 1229 4173 esse
1259 4109 1519 4172 dativoS.
1561 4106 1861 4170 Conferas
1889 4105 2075 4168 haec:
2107 4103 2471 4185 vaurkeip
2502 4109 2689 4186 bans
2716 4124 2921 4166 mans
2950 4125 3040 4166 an
3052 4125 3127 4166 a·

349 4216 575 4282 kumb
586 4217 748 4299 jan,
777 4211 1100 4302 ποιήσατε
1127 4206 1288 4290 τοὺς
1317 4206 1732 4297 ἀνθρώπους
1757 4195 2124 4277 αἰάπεοεῖν
2153 4232 2294 4275 cum
2322 4210 2555 4275 vcdicis
2572 4210 2780 4274 verbis
2799 4210 2876 4287 X,
2902 4210 3045 4285 186,
3064 4210 3130 4272 2:

350 4346 444 4388 no
473 4314 820 4407 {jivatave
857 4322 1146 4402 kriclhi,
1181 4345 1296 4386 nos
1333 4321 1415 4385 ad
1451 4321 1786 4385 vivendum
1824 4319 1942 4397 fac,
1980 4320 2018 4382 i.
2058 4340 2109 4382 e.
2148 4318 2265 4394 fae,
2300 4323 2374 4380 ut
2412 4318 2717 4394 vivamus3
2766 4316 3131 4399 atgibada

351 4432 450 4497 du
503 4430 942 4513 ushramJ'an
989 4429 1218 4495 Matth.
1259 4430 1363 4505 26,
1403 4429 1444 4491 2
1499 4427 1947 4513 παραδίδοται
2005 4424 2099 4501 εἰς
2144 4416 2225 4489 τὸ
2274 4428 2771 4509 σταυρωθῆναι.
2847 4422 3129 4506 Linguae

351 4539 878 4622 anglosaxonicae
915 4542 1062 4600 sunt
1097 4536 1282 4601 haec:
1319 4534 1676 4617 gedafenad
1716 4532 1782 4598 to
1819 4532 2061 4598 donne
2090 4532 2187 4619 (es
2216 4534 2485 4614 geziemt
2512 4553 2589 4594 zu
2618 4529 2845 4617 thuen)
2877 4529 3127 4595 Aedelr.

349 4647 413 4725 4,
443 4647 504 4723 6,
541 4666 884 4727 ongunnon
920 4642 986 4708 ts)
1025 4644 1228 4709 ccori
1239 4664 1480 4725 genno
1518 4640 1879 4726 (begannen
1906 4662 1985 4703 zu
2014 4642 2299 4725 murren)
2341 4639 2509 4721 Sept.
2550 4638 2772 4702 ablind
2811 4637 2876 4700 to
2914 4642 3129 4701 asen-

351 4752 596 4819 denne
655 4752 833 4834 (hort
879 4749 996 4815 auf
1033 4772 1112 4815 zu
1159 4750 1424 4835 senden)
1475 4748 1644 4832 Sept.
1701 4749 1759 4812 ic
1815 4748 1896 4811 (Ιό
1953 4750 2085 4812 eow
2132 4746 2199 4810 tf»
2246 4748 2571 4811 witanne
2618 4733 2809 4832 (thue'
2846 4743 3003 4808 euch
3050 4764 3129 4807 zu

351 4859 634 4945 wissen),
681 4880 874 4941 gearu
912 4858 980 4922 to
1020 4858 1499 4938 Adreoganne
1537 4854 1771 4941 (bereit
1807 4877 1883 4918 zu
1923 4853 2209 4941 dulclen),
2251 4853 2362 4917 An.
2406 4854 2487 4917 73
2528 4850 2865 4935 gebmorlic
2902 4850 2969 4915 ἰὀ
3007 4872 3129 4933 ge-
