3911 5522
2104 338 2149 405 4

733 539 1196 608 substantivum
1239 537 1493 604 verbale
1537 537 1785 623 vimque
1833 539 1968 603 eius
2012 511 2476 620 primigeniam,
2520 537 2632 602 ubi
2676 559 2827 602 usus
2873 537 3008 602 eius
3052 536 3245 602 latius
3290 543 3511 621 patere

733 651 1063 741 coepisset,
1125 648 1220 712 ita
1271 647 1585 731 paulatim
1639 651 1889 711 auctam
1944 650 2139 729 atque
2194 642 2645 729 amplificatam
2700 666 2863 719 esse,
2916 651 2991 708 ut
3036 644 3225 710 hodie
3269 665 3509 708 meram

731 756 909 822 verbi
963 755 1286 820 notionem
1339 753 1728 818 abstractam
1784 773 1975 836 quam
2020 753 2240 817 dicunt
2284 751 2670 834 significaret
2686 751 2757 838 ⁵).
2832 749 3095 836 Aliquot
3140 751 3322 815 annis
3366 755 3513 834 post

732 862 1075 929 Hoeferum
1123 861 1386 926 eandem
1433 883 1567 925 rem
1609 865 1976 945 persecutus
2014 864 2111 923 est
2146 859 2443 943 Boppius,
2490 859 2597 943 qui
2634 857 2711 922 in-
2737 839 3510 941 grammatica'compara-

730 971 882 1047 tiva,
917 967 1458 1053 praestantissimo
1497 967 1607 1031 illo
1644 966 1826 1043 libro,
1861 966 1981 1030 vol.
2020 965 2136 1042 ΙΙΙ,
2172 969 2227 1047 ἓ.
2250 965 2603 1030 849-886
2642 987 2719 1029 ex
2754 965 2976 1029 vedica
3010 965 3284 1030 dialecto
3322 984 3509 1048 quam

732 1076 1042 1142 Hoeferus
1087 1075 1311 1140 leviter
1355 1080 1602 1139 tantum
1649 1079 1911 1155 tangere
1955 1078 2271 1156 potuerat,
2316 1072 2501 1156 plura
2542 1071 2769 1155 petivit
2814 1077 3005 1155 atque
3050 1073 3117 1136 in
3163 1093 3341 1135 suam
3375 1092 3509 1135 rem

732 1185 1043 1250 convertit
1089 1187 1155 1247 01
1202 1182 1568 1265 quaestione
1614 1179 1937 1244 subtiliter
1984 1186 2049 1244 et
2096 1180 2454 1244 doctissime
2501 1179 2799 1244 instituta
2834 1177 3264 1261 comprobavit
3300 1175 3509 1240 infini-

731 1291 930 1354 tivum
978 1291 1248 1373 speciem
1295 1287 1564 1352 nominis
1613 1286 1993 1352 substantivi
2040 1307 2193 1370 prae
2231 1307 2297 1351 se
2336 1285 2501 1350 ferre
2538 1307 2743 1370 neque
2781 1285 3124 1369 quidquam
3161 1285 3336 1348 aliud
3376 1305 3510 1348 esse

733 1419 922 1482 quam
967 1396 1434 1461 substantivum
1479 1394 1886 1470 abstractum,
1933 1394 2103 1477 quod
2148 1394 2217 1456 in
2252 1393 2515 1476 singulis
2555 1393 2785 1476 linguis
2824 1393 2999 1458 vario
3034 1392 3223 1456 modo
3262 1389 3508 1456 confor-

731 1511 966 1569 matum
1018 1504 1387 1568 videremus.
1461 1501 1852 1586 Quamquam
1898 1521 2060 1585 quae
2103 1500 2411 1584 primaria
2454 1498 2753 1564 infinitivi
2799 1499 3003 1565 forma
3048 1506 3113 1563 et
3150 1505 3378 1562 natura
3411 1495 3507 1560 fu-

732 1613 872 1688 erit,
910 1611 1174 1674 saeculis
1211 1595 1693 1675 decurrentibus
1725 1629 1852 1673 non
1887 1609 2015 1672 iam
2050 1607 2117 1671 in
2154 1607 2545 1690 singulorum
2578 1607 2894 1671 mentibus
2931 1611 3044 1671 aut
3080 1605 3357 1670 haesisse
3395 1610 3507 1668 aut

731 1719 995 1784 haerere
1051 1716 1515 1782 concedendum
1571 1720 1682 1780 est.
1759 1715 1896 1792 Quo
1941 1734 2236 1780 concesso
2285 1736 2364 1777 ne
2409 1713 2567 1777 illud
2617 1713 2873 1796 quidem
2916 1713 3145 1776 mirum
3190 1710 3509 1776 videbitur

732 1823 1026 1890 infinitivi
1073 1845 1254 1888 usum
1301 1845 1487 1906 saepe
1533 1845 1574 1887 a
1615 1821 1995 1906 primigenia
2030 1821 2165 1885 eius
2202 1820 2442 1885 formae
2480 1820 2543 1884 vi
2578 1825 2769 1904 atque
2808 1819 3018 1884 indole
3053 1817 3509 1902 posterioribus

730 1931 1122 2016 temporibus
1179 1929 1524 1995 abhorrere
1581 1930 1862 2012 coepisse
1879 1928 1952 2014 6).
2030 1927 2169 2005 Qua
2223 1928 2421 2009 igitur
2474 1925 2723 1990 ratione
2768 1924 3117 1990 infinitivus
3164 1926 3230 1989 in
3276 1923 3508 2006 linguis

732 2041 1057 2115 sanserita,
1103 2037 1401 2115 bactrica,
1447 2057 1692 2119 graeca,
1735 2035 1955 2112 latina,
2006 2034 2217 2118 getica
2252 2039 2680 2117 usurparetur,
2726 2033 2793 2097 id
2830 2053 3071 2097 mecum
3108 2031 3243 2115 ipse
3280 2031 3511 2096 consti-

733 2153 979 2212 tueram
1025 2145 1119 2209 ita
1160 2143 1563 2228 perscrutari,
1610 2147 1682 2206 ut
1727 2163 1876 2207 usus
1913 2139 2208 2206 infinitivi
2248 2140 2773 2224 quemadmodum
2810 2145 2922 2204 aut
2959 2161 3097 2204 cum
3134 2137 3511 2222 primigenia

732 2254 971 2319 formae
999 2250 1456 2335 significatione
1485 2250 1869 2315 consentiret
1888 2254 2002 2313 aut
2020 2248 2101 2312 ab
2123 2269 2199 2312 ea
2218 2247 2591 2312 abhorreret
2610 2247 3097 2330 intellegeretur.
3154 2244 3351 2327 Atqui
3370 2266 3509 2309 cum

731 2367 872 2426 tota
908 2359 1194 2443 quaestio
1223 2358 1307 2424 sit
1336 2357 1662 2434 eiusmodi,
1697 2362 1772 2420 ut
1797 2355 1944 2420 fieri
1970 2377 2098 2420 non
2124 2355 2341 2438 possit,
2379 2355 2531 2438 quin
2560 2355 2767 2419 varias
2796 2352 3247 2418 infinitivorum
3276 2352 3510 2416 formas

734 2467 1062 2550 attingam,
1107 2465 1380 2549 primum
1427 2465 1507 2528 de
1553 2461 1851 2528 infinitivi
1896 2462 2119 2539 forma,
2166 2461 2395 2527 deinde
2442 2461 2520 2525 (10
2558 2460 2692 2526 eius
2730 2483 2847 2526 usu
2885 2461 3320 2544 disputaturus
3356 2479 3510 2524 sum.

912 2573 1096 2639 Prius
1151 2580 1364 2637 autem
1411 2591 1598 2656 quam
1643 2570 1938 2634 accedam
1983 2569 2066 2634 ad
2109 2568 2275 2633 hanc
2322 2568 2777 2654 quaestionem,
2831 2566 3030 2631 libros
3076 2588 3232 2651 quos
3278 2567 3347 2631 in
3390 2565 3511 2630 hac

735 2680 1262 2746 commentatione
1307 2676 1760 2743 conscribenda
1801 2675 2071 2740 adhibui
2116 2695 2483 2740 enumerare
2528 2675 2685 2740 mihi
2730 2673 2933 2763 liceat.
3010 2671 3219 2757 Atque
3256 2677 3511 2757 praeter

737 2809 843 2854 eos
888 2809 1154 2873 quorum
1199 2787 1347 2851 iam·
1366 2785 1744 2850 mentionem
1779 2782 1899 2848 feci
1934 2782 2111 2849 hisce
2144 2804 2295 2849 usus
2332 2804 2467 2847 sum
2504 2782 2712 2849 libris:
2758 2782 3067 2867 imprimis
3104 2780 3511 2863 Boehtlingki

737 2902 802 2960 et
855 2894 1050 2959 Rothi
1102 2893 1303 2958 lexico
1360 2912 1619 2969 sanscr.,
1673 2890 1867 2956 Rothi
1920 2890 2087 2955 libro
2142 2890 2226 2955 ad
2278 2890 2427 2955 hist.
2488 2894 2552 2954 et
2606 2890 2867 2954 littei-at.
2914 2888 3131 2953 Vedae
3186 2888 3507 2971 inscripta

737 3001 822 3066 M.
871 3000 1160 3065 Muelleri
1207 2998 1892 3083 Rig-Veda-Sanhitae
1940 2998 2057 3063 voL
2096 2997 2164 3075 1.,
2210 2998 2469 3076 Paninis
2514 2997 2721 3063 Sutris
2767 3018 2809 3061 a
2850 2994 3297 3079 Boehtlingkio
3346 2994 3512 3070 edit,

735 3108 966 3173 Roseni
1015 3107 1292 3172 editione
1327 3106 1665 3189 Rigvedae,
1711 3104 2042 3171 Aufrechti
2090 3106 2237 3170 edit.
2274 3105 2484 3189 hymn.
2524 3104 2723 3188 Bigis„
2760 3102 3024 3186 Benfeyi
3062 3102 3411 3167 Samaveda
3448 3106 3511 3165 et

737 3216 1019 3281 eiusdem
1053 3236 1312 3297 gramm.
1351 3234 1580 3279 sanscr.
1617 3213 1780 3291 mai„
1824 3212 2225 3289 Delbruecki,
2270 3212 2391 3275 viri
2428 3210 2775 3277 doctissimi
2812 3215 2877 3275 01
2913 3208 3366 3286 humanissimi,
3402 3208 3509 3292 qui

737 3343 838 3386 me
875 3322 1066 3387 etiam
1094 3322 1324 3387 litteris
1352 3321 1610 3397 adiuvit,
1648 3320 2173 3385 commentatione
2203 3318 2283 3384 de
2311 3319 2509 3383 dativi
2534 3339 2653 3383 usu
2680 3318 2748 3382 in
2766 3317 3021 3383 carmin.
3044 3317 3244 3399 Rigv„
3273 3314 3511 3380 Auten-

741 3429 932 3494 riethi
971 3435 1298 3495 comment.
1336 3428 1658 3515 ‘terminus
1685 3427 1752 3492 in
1782 3425 1984 3510 quem’
2020 3425 2341 3510 inscripta,
2380 3426 2585 3509 Boppi
2612 3446 2869 3509 gramm.
2900 3444 3169 3507 compar.
3199 3423 3348 3487 edit.
3380 3422 3511 3499 ΙΙΙ.,

737 3536 1120 3613 8011101011οτ1
1167 3534 1534 3619 compendio
1581 3556 1671 3619 gr.
1709 3556 1906 3617 comp.
1950 3534 2047 3598 ed.
2086 3532 2226 3611 ΙΙΙ.,
2272 3532 2545 3617 Spiegeli
2592 3553 2853 3615 gramm.
2900 3530 3198 3607 bactrica,
3235 3529 3510 3595 editione

739 3643 1170 3709 Zendavestae
1207 3648 1272 3707 et
1309 3642 1758 3707 commentario
1797 3641 1876 3706 de
1903 3640 2311 3717 Zendavesta,
2348 3646 2415 3705 et
2450 3639 2729 3705 eiusdem
2765 3638 2885 3703 viri
2923 3638 3200 3703 editione
3235 3636 3513 3722 inscript.

736 3772 898 3835 pers.
945 3756 1206 3825 cuneat.,
1252 3749 1445 3814 Justii
1489 3748 1692 3813 lexico
1739 3748 2038 3828 bactricO,
2084 3746 2457 3813 Mommseni
2495 3748 2574 3812 de
2611 3746 2898 3813 dialectis
2934 3744 3251 3810 inferioris
3288 3744 3513 3810 Italiae

737 3857 920 3933 libro,
956 3857 1380 3921 Monumentis
1427 3856 1678 3939 linguae
1723 3854 2045 3920 umbricae
2084 3854 2166 3920 ab
2206 3853 2575 3919 Aufrechtio
2614 3859 2680 3918 et
2712 3850 3105 3917 Kirchhosfio
3144 3851 3350 3929 editis,
3396 3852 3511 3917 Ul-

736 3962 847 4027 fila
883 3983 924 4025 a
949 3961 1030 4025 M.
1059 3962 1304 4045 Heynio
1345 3961 1533 4039 edite,
1569 3962 1644 4027 A.
1675 3962 1975 4026 Koehleri
2012 3960 2640 4027 commentationibus
2679 3960 2757 4023 de
2794 3980 2910 4023 usu
2949 3958 3147 4022 dativi
3186 3965 3251 4023 et
3288 3958 3368 4022 de
3394 3979 3512 4022 usu

737 4068 1032 4135 infinitivi
1067 4070 1135 4133 in
1161 4068 1379 4153 lingua
1405 4068 1616 4151 getica
1641 4066 1924 4132 Pfeifferi
1955 4068 2333 4133 Germaniae
2363 4067 2478 4134 vol.
2507 4066 2617 4143 XI,
2645 4089 2703 4150 p.
2734 4064 3087 4129 261-305
3126 4070 3192 4129 et
3217 4066 3337 4131 vol.
3368 4064 3513 4142 XII,

735 4198 797 4259 p.
831 4176 1188 4240 421-462
1224 4175 1497 4252 insertis,
1531 4174 1736 4240 Kochi
1773 4176 2185 4259 grammatica
2220 4174 2485 4259 anglica.

915 4388 967 4459 ⁶)
1004 4388 1147 4445 Vide
1183 4386 1260 4441 sis
1299 4403 1365 4442 ea
1403 4402 1545 4457 quae
1582 4387 1856 4443 Hoeferus
1893 4386 2076 4443 libelli
2113 4386 2199 4443 sui
2236 4406 2287 4457 p.
2320 4386 2547 4442 60—62.
2590 4386 2870 4456 exposuit.

915 4478 966 4548 ⁶)
1007 4478 1086 4533 Cf.
1127 4494 1197 4532 ea
1245 4492 1388 4547 quae
1425 4477 1800 4532 Schweizerus
1847 4476 1906 4530 in
1943 4492 2179 4531 censura
2214 4474 2395 4545 Boppi
2433 4476 2827 4544 grammaticae
2867 4474 3279 4545 comparativae
3322 4472 3516 4529 Kuhni

738 4567 1037 4623 annalibus
1074 4583 1123 4623 a.
1165 4568 1304 4623 1854
1342 4566 1552 4621 inserta
1587 4582 1642 4635 p.
1681 4568 1785 4621 357
1823 4582 1943 4636 sqq.
1982 4566 2265 4621 iudicavit.
