3911 5522
2014 391 2215 455 ·54

779 597 924 678 post
971 591 1192 656 eadem
1239 590 1568 666 adiectiva,
1617 611 1778 674 quae
1816 611 1957 654 cum
1996 587 2324 653 infinitivis
2362 609 2401 652 a
2436 590 2640 672 poetis
2678 588 3017 653 coniuncta
3053 610 3189 655 esse
3227 611 3418 675 supra
3456 591 3565 656 de-

780 696 1154 775 monstravi,
1209 697 1380 781 apud
1435 717 1652 762 omnes
1697 697 2039 780 scriptores
2082 694 2317 760 latinos
2364 700 2429 758 et
2475 694 2849 761 vetustiores
2896 701 2961 760 et
3006 697 3387 762 recentiores
3432 705 3563 764 tam

779 805 982 872 multa
1027 805 1449 889 reperiuntur,
1493 809 1568 867 ut
1615 803 1901 886 exempla
1945 802 2175 867 afferre
2222 823 2751 886 supervacaneum
2796 805 2897 868 sit.
2974 803 3101 868 Sed
3148 803 3447 889 quoniam
3481 806 3566 871 ad

780 913 946 981 hane
999 933 1134 976 rem
1189 911 1438 977 delatus
1485 932 1649 987 sum,
1703 910 1984 974 breviter
2030 911 2412 974 sententiam
2456 930 2659 975 meam
2707 910 2987 994 aperiam
3036 911 3115 976 de
3160 911 3261 976 his
3306 911 3565 996 supinis,

781 1041 944 1107 quae
1001 1027 1217 1084 utrum
1272 1019 1464 1084 tertio
1511 1037 1594 1082 an
1643 1024 1818 1082 sexto
1865 1019 2039 1082 casui
2086 1015 2494 1082 attribuenda
2540 1023 2777 1094 essent,
2830 1038 3061 1101 magna
3106 1019 3257 1084 olim
3302 1019 3429 1084 fuit
3474 1020 3564 1083 vi-

781 1151 998 1194 rorum
1053 1127 1386 1192 doctorum
1441 1125 1764 1190 dissensio.
1837 1124 2014 1190 Haec
2061 1127 2287 1208 supina
2333 1145 2467 1189 esse
2514 1122 2823 1190 ablativos
2869 1147 3037 1190 nunc
3082 1132 3179 1191 est
3221 1131 3565 1210 pervagata

781 1233 1194 1322 sententia,*)
1261 1252 1452 1318 quam
1515 1253 1731 1298 omnes
1798 1232 1967 1316 quod
2032 1234 2223 1297 sciam
2287 1231 2581 1315 amplecti
2636 1231 2956 1309 videntur,
3020 1231 3129 1317 qni
3182 1232 3357 1299 hisce
3408 1239 3565 1299 tem-

787 1343 1049 1428 poribus
1087 1347 1260 1406 artes
1296 1341 1551 1424 linguae
1590 1339 1826 1404 latinae
1865 1341 2268 1423 scripserunt.
2327 1338 2535 1423 Atque
2573 1336 2742 1422 ipsos
2768 1339 3085 1404 Romanos
3112 1341 3337 1424 supina
3364 1341 3566 1406 altera

783 1451 854 1514 in
901 1448 1196 1515 ablativis
1241 1445 1539 1513 habuisse
1575 1453 1832 1532 praeter
1865 1446 2175 1511 Prisciani
2212 1445 2641 1511 testimonium
2652 1444 2753 1534 **)
2802 1467 2881 1510 ex
2928 1447 3017 1512 eis
3054 1453 3224 1513 certe
3261 1467 3422 1531 quae
3460 1469 3564 1512 ex-

783 1561 926 1621 tant
960 1557 1324 1620 litterarum
1359 1555 1781 1620 monumentis
1820 1554 2035 1638 colligi
2070 1559 2297 1636 potest.
2354 1553 2696 1620 Permultis
2735 1554 2901 1619 enim
2937 1554 3092 1620 locis
3127 1555 3307 1619 iuxta
3342 1555 3565 1639 supina

785 1668 850 1727 et
886 1663 1200 1728 ablativos
1237 1660 1775 1728 substantivorum
1811 1662 2079 1744 legimus
2116 1667 2180 1726 et
2216 1660 2531 1726 adiectiva
2566 1660 2665 1726 vel
2700 1661 3077 1746 pronomina
3112 1683 3251 1726 cum
3289 1660 3381 1727 eis
3418 1682 3564 1727 con-

780 1771 998 1836 iuncta
1042 1767 1409 1853 reperimus,
1453 1769 1627 1838 velut
1662 1768 1794 1834 Liv.
1835 1769 1885 1846 Ι,
1923 1769 2029 1846 39,
2071 1769 2137 1833 1:
2174 1768 2549 1851 prodiyium
2595 1769 2765 1833 visu
2810 1775 3207 1852 eventuque
3248 1769 3561 1834 mirabile.

781 1876 922 1954 XL,
963 1875 1068 1954 35,
1110 1875 1220 1940 13:
1259 1877 1470 1942 dietu-
1507 1898 1704 1960 quam
1737 1897 1818 1941 re
1852 1876 2117 1956 faci-Iius
2153 1877 2255 1954 sit,
2296 1875 2371 1940 cf.
2410 1875 2640 1952 XXXI,
2678 1875 2783 1952 38,
2810 1877 2869 1940 4.
2924 1876 3082 1941 Plin.
3121 1899 3214 1960 ep.
3253 1876 3328 1953 V,
3364 1877 3427 1953 6,
3454 1876 3565 1940 23:

773 1985 1042 2066 piscina
1062 2033 1218 2049 .....
1239 1985 1574 2064 strepitu-
1637 1985 1802 2048 visu
1816 2005 1936 2065 que
1998 1983 2303 2048 iucunda.
2400 1982 2523 2048 Cic.
2563 2004 2679 2066 pro
2718 1983 2962 2048 Cluent.
3001 1983 3107 2061 59,
3148 1983 3301 2049 164:
3370 2004 3565 2066 quam

784 2091 949 2156 levi-a
995 2112 1260 2174 yenere
1305 2093 1463 2172 τζῃεο,
1515 2111 1712 2173 quam
1746 2090 1929 2171 falsa
1964 2111 2068 2168 rc,
2121 2110 2317 2173 quam
2356 2090 2573 2156 brevia
2607 2111 2994 2170 responsu.
3070 2089 3231 2155 Plin.
3268 2091 3331 2155 h.
3368 2113 3430 2155 n.
3468 2091 3565 2154 ed.

783 2197 980 2282 Sillig.
1020 2197 1189 2276 XIV,
1229 2197 1341 2262 28:
1388 2197 1690 2262 indecora
1737 2199 1932 2276 visu,
1983 2217 2257 2277 sapore
2292 2197 2597 2262 iucunda.
2676 2196 2889 2275 Quint.
2928 2196 3102 2275 VIII,
3140 2197 3199 2275 3,
3242 2198 3352 2264 17:
3400 2198 3565 2278 ipso

784 2305 1064 2370 auditu
1111 2325 1363 2386 aspera.
1441 2304 1600 2369 Gen.
1638 2303 1876 2381 XVIII,
1917 2305 2019 2380 11,
2058 2304 2125 2366 2:
2172 2304 2381 2368 dictu
2414 2303 2880 2386 profatu-que
2924 2304 3092 2385 ipso
3137 2309 3337 2370 tetrae
3374 2309 3567 2387 atque

780 2413 1096 2478 insuaves
1171 2411 1283 2490 XI,
1317 2412 1380 2490 4,
1421 2413 1488 2476 2:
1542 2411 1938 2496 frequent-i
1994 2411 2445 2493 assiduoque
2488 2415 2903 2476 memoratu
2950 2411 3179 2495 diynos
3215 2418 3397 2493 puto.
3456 2409 3565 2495 (cf.

781 2517 988 2585 Richt.
1025 2541 1084 2606 p.
1124 2518 1240 2597 111,
1278 2517 1367 2608 5.)
1441 2519 1669 2603 Itaq‘ue
1726 2519 1881 2604 quid
1925 2519 2192 2584 Romani
2249 2518 2328 2584 de
2384 2520 2608 2601 supino
2664 2517 2867 2584 altero
2924 2517 3368 2602 cogitaverint,
3422 2539 3566 2603 per-

783 2627 1070 2710 spicuum
1118 2631 1228 2692 est.
1304 2625 1432 2692 Sed
1479 2625 1639 2690 haec
1683 2647 1784 2691 res
1831 2647 1959 2690 non
2004 2625 2289 2709 impedit,
2337 2625 2670 2710 quominus
2714 2625 2796 2690 de
2842 2625 3087 2710 origine
3133 2625 3361 2692 horum
3396 2626 3567 2710 supi-

783 2755 1008 2800 norum
1053 2734 1242 2800 aliter
1287 2738 1658 2799 statuamus.
1732 2733 1906 2813 Quae
1954 2733 2108 2819 quin
2156 2754 2233 2798 ex
2281 2732 2495 2799 dativo
2542 2732 2849 2818 originem
2897 2733 3220 2812 duxerint,
3274 2733 3568 2819 equidem

783 2862 912 2908 non
967 2841 1210 2906 dubito.
1285 2841 1570 2905 Primum
1624 2841 1790 2905 enim
1847 2863 1989 2905 cum
2044 2841 2173 2905 iam
2220 2839 2573 2925 antiquitus
2620 2841 2789 2925 apud
2834 2841 3151 2907 Romanos
3196 2841 3351 2924 sing.
3396 2862 3566 2905 num.

787 2946 986 3012 dativi
1032 2947 1384 3013 thematum
1431 2948 1499 3013 in
1543 2971 1589 3013 u
1636 2948 2017 3025 exeuntium,
2065 2948 2131 3012 in
2178 2970 2363 3033 quem
2400 2970 2731 3013 numerum
2768 2948 2995 3031 supina
3030 2948 3367 3014 referenda
3402 2954 3569 3024 sunt,

785 3054 952 3119 inter
988 3054 1147 3119 duas
1183 3054 1564 3120 fluctuarent
1601 3054 1854 3133 formas,
1893 3077 2159 3140 quarum
2193 3055 2541 3139 pleniorem
2577 3056 2645 3120 in
2681 3057 2770 3135 ui,
2806 3055 3164 3123 breviorem
3199 3056 3268 3120 in
3292 3078 3337 3121 u
3366 3054 3568 3120 exisse

786 3158 1171 3249 scimuS,***)
1219 3161 1404 3229 facile
1449 3160 1588 3229 fieri
1642 3168 1915 3248 poterat,
1960 3167 2052 3241 ut,
2098 3185 2241 3229 cum
2288 3163 2487 3229 dativi
2532 3169 2599 3228 et
2642 3162 2907 3228 ablativi
2950 3163 3180 3229 horum
3216 3162 3567 3228 thematum

964 3428 1021 3498 *)
1078 3428 1154 3484 Ut
1199 3446 1366 3484 unum
1416 3444 1652 3498 eumque
1698 3429 2085 3499 gravissimum
2132 3436 2415 3485 auctorem
2462 3428 2708 3497 afferam,
2755 3428 3002 3500 Boppius
3049 3430 3117 3485 de
3156 3428 3352 3499 supino
3390 3430 3570 3487 altero

785 3519 884 3584 III,
923 3518 1028 3573 297
1067 3535 1185 3587 sqq.
1235 3518 1317 3573 sic
1364 3518 1638 3587 disputat:
1687 3519 1777 3589 ‘da
1823 3518 1914 3573 die
1963 3519 2044 3573 4t0
2082 3518 2297 3574 Declin.
2346 3521 2491 3574 auch
2528 3519 2729 3574 Dative
2775 3519 2875 3575 auf
2915 3517 2957 3573 a
3000 3518 3093 3574 fur
3137 3521 3203 3573 ui
3236 3520 3460 3586 zulassn
3508 3537 3569 3575 so

785 3608 995 3662 konnte
1033 3624 1160 3662 man
1199 3610 1342 3662 auch
1382 3608 1481 3662 das
1521 3607 1786 3678 Supinum
1826 3607 1925 3661 auf
1959 3606 2035 3673 tvi,
2084 3623 2166 3662 wo
2205 3624 2263 3662 es
2302 3608 2394 3662 bei
2431 3608 2762 3663 Adiectiven
2802 3610 2967 3673 steht,
3006 3608 3216 3664 welche
3254 3609 3363 3663 den
3400 3609 3568 3663 Dativ

785 3695 1055 3765 regieren,
1095 3696 1178 3751 als
1217 3696 1385 3751 Dativ
1421 3696 1625 3761 fassen,
1664 3696 1784 3751 also
1823 3714 1866 3750 z.
1901 3698 1963 3750 B.
2004 3696 2317 3750 iucundum
2354 3698 2581 3767 coqu-itu
2619 3702 2789 3765 atque
2827 3698 3035 3752 auditu
3072 3697 3155 3751 als
3192 3724 3261 3742 =
3299 3699 3565 3767 coynitmg

787 3784 1034 3839 auditui.
1110 3786 1208 3841 Ich
1255 3786 1476 3839 mochte
1517 3785 1721 3854 jedoch
1769 3786 1893 3840 dem
1932 3784 2200 3856 Supinum
2248 3785 2405 3840 nicht
2450 3787 2591 3841 noch
2641 3785 2803 3841 einen
2849 3787 2965 3841 3t0n
3002 3787 3174 3841 Casus
3210 3788 3563 3857 zugestehen,

787 3872 898 3927 und
945 3872 1164 3941 glaube,
1213 3875 1342 3928 dass
1382 3874 1474 3928 die
1513 3874 1676 3929 Form
1717 3874 1816 3928 auf
1849 3873 1912 3929 tio
1948 3874 2067 3928 sich
2109 3874 2327 3929 uberall
2364 3873 2449 3929 als
2486 3874 2717 3931 Ablativ
2756 3873 3035 3930 auffassen
3072 3874 3226 3941 lasst,
3274 3876 3384 3930 und
3422 3892 3567 3931 κπα-

788 3960 845 4015 in
893 3961 1000 4015 den
1038 3962 1273 4017 meisten
1311 3962 1509 4017 Fallen
1556 3962 1640 4017 als
1679 3962 1908 4017 Ablativ
1957 3965 2055 4019 der
2102 3965 2345 4018 naheren
2384 3964 2781 4034 Bestimmung,
2831 3965 2938 4019 den
2976 3979 3104 4019 man
3143 3964 3317 4018 durch
3355 3964 3413 4018 in
3451 3967 3565 4020 An-

788 4052 1014 4119 sehung‚
1062 4050 1120 4105 in
1158 4050 1479 4121 Beziehung
1517 4052 1905 4107 umschreiben
1943 4052 2130 4107 kann.’
2208 4054 2328 4122 Qua
2366 4070 2533 4108 causa
2568 4053 2817 4122 Boppius
2856 4052 3054 4108 nititur
3090 4052 3281 4108 dicens
3318 4070 3379 4108 se
3416 4054 3565 4109 nolle

789 4139 985 4207 supino
1042 4140 1268 4195 tertium
1326 4156 1512 4195 casum
1570 4141 1904 4207 attribuere,
1964 4158 2086 4197 eam
2142 4141 2349 4196 nullam
2400 4158 2519 4198 esse
2566 4149 2716 4211 puto.
2792 4143 2935 4199 Nam
2983 4158 3107 4197 cum
3154 4143 3300 4211 apud
3350 4150 3564 4198 veteres

789 4228 952 4283 Indos
1000 4228 1260 4284 suffixum
1309 4235 1370 4283 tw
1418 4236 1654 4298 quatuor
1701 4231 1909 4285 habeat
1957 4247 2133 4297 casus,
2164 4227 2557 4285 'accusativum
2606 4238 2739 4297 tum,
2788 4229 3035 4285 dativum
3072 4237 3199 4285 tave
3234 4230 3352 4285 sive
3390 4233 3561 4297 tanai,

788 4318 1105 4385 genetivum
1151 4324 1210 4372 et
1246 4318 1569 4384 ablativum,
1620 4335 1848 4388 quorum
1887 4325 2123 4389 uterque
2161 4320 2219 4374 in
2257 4326 2341 4375 tos
2378 4320 2508 4387 exit,
2557 4337 2654 4375 cur
2690 4320 2751 4375 id
2787 4320 2933 4390 quod
2969 4320 3027 4374 in
3065 4319 3257 4389 lingua
3292 4320 3563 4376 sanserita

789 4404 912 4461 fieri
951 4412 1187 4477 poterat,
1226 4405 1283 4460 in
1321 4406 1567 4477 linguam
1607 4407 1838 4464 latinam
1879 4409 2080 4463 cadere
2119 4425 2226 4463 non
2262 4408 2453 4479 possit,
2492 4424 2599 4463 non
2637 4408 2919 4478 intellege.

931 4512 1018 4583 **)
1074 4512 1342 4569 Priscian.
1384 4513 1467 4568 ed.
1507 4514 1696 4569 Hertz.
1735 4516 1885 4581 VIII,
1935 4516 2007 4571 48
2052 4518 2192 4571 haec
2239 4515 2401 4571 dicit:
2449 4532 2685 4585 sequens
2733 4530 2949 4585 quoque
2995 4513 3189 4581 forma,
3238 4532 3381 4585 quae
3428 4516 3485 4571 in
3518 4533 3559 4571 u

793 4602 1080 4669 terminat,
1141 4604 1419 4657 ablativus
1473 4602 1612 4657 mihi
1668 4603 1886 4659 videtur
1941 4604 2115 4674 ipsius
2161 4604 2421 4671 nominis,
2480 4622 2587 4674 quo
2632 4605 2757 4674 ipsa
2802 4621 2891 4660 res
2938 4602 3308 4674 significatur,
3368 4621 3557 4661 carens

795 4690 1055 4745 similiter
1089 4690 1518 4761 praepositione,
1559 4691 1691 4761 quid
1731 4692 1875 4747 enim
1915 4699 2002 4747 est
2038 4695 2305 4765 ⁴mirabile
2338 4694 2480 4748 visu'
2518 4693 2627 4749 nisi
2664 4693 2943 4765 ,vtsssiom'P

898 4796 1014 4866 ***)
1055 4796 1133 4852 Of.
1175 4798 1421 4853 Corssen.
1462 4798 1496 4853 l.
1538 4799 1572 4853 l.
1612 4800 1682 4865 ΙΙ,
1723 4800 1829 4855 740
1863 4816 1983 4869 sqq.
2024 4806 2080 4857 et
2116 4790 2449 4857 Buecheleri
2487 4798 2641 4856 libri:
2689 4799 3005 4872 ‘Grundriss
3052 4800 3152 4857 der
3188 4799 3557 4859 lateinischen

791 4883 1179 4942 Declination.'
1219 4888 1374 4942 1866.
1415 4902 1468 4958 p.
1507 4888 1578 4944 56
1615 4904 1732 4958 sqq.
