3911 5522
2134 337 2218 407 36

787 529 1070 604 κόπτειν
1111 524 1310 614 αὖθις
1348 523 1465 617 αὖ,·
1519 537 1809 621 Apollon.
1847 539 2197 621 Argonaut.
2227 537 2334 616 IV,
2369 539 2567 602 1088:
2604 543 2723 621 τῷ,
2758 538 2932 618 φίλε,
2968 527 3119 624 μήτ’
3158 524 3283 602 οὗν
3314 527 3557 603 αὐτὸν

790 635 968 708 ἑκών
1005 638 1329 729 ἐπιόρκον
1367 636 1701 728 ὀμόσσαι
1741 646 1963 730 θείης
1998 641 2384 731 Αἰσονίδην.
2458 643 2622 709 Plat.
2659 644 2914 709 Theaet.
2952 667 3012 728 p.
3056 647 3180 709 149
3222 647 3305 711 A:
3353 653 3558 711 ποιῶ

785 743 946 828 τοὺς
993 742 1410 837 ἀνθρώπους
1458 742 1808 837 ἀπορεῖν.
1883 751 2171 835 Xenoph.
2212 751 2351 842 Cyr.
2389 750 2497 828 IV,
2534 749 2595 828 5,
2632 752 2747 815 48:
2798 748 3321 834 αἰσχύνεσθαι
3366 746 3558 840 ἡμᾶς

787 853 1228 945 ἐποιήσατε.
1287 858 1369 936 ΙΙ,
1397 859 1457 936 2,
1491 859 1600 923 133
1641 857 1804 942 εἴγε
1842 859 2151 922 κλαίειν
2190 853 2615 942 ἐπειρώμεθά
2656 875 2727 922 σε
2755 871 3038 922 ποιεῖν.
3081 858 3187 945 (cf.
3218 859 3331 935 III,
3362 860 3421 936 2,
3452 861 3554 923 29.

786 965 987 1030 Anab.
1025 964 1084 1042 Ι,
1121 965 1180 1042 6,
1219 965 1286 1041 2,
1339 964 1450 1029 ubi
1507 963 1816 1029 infinitivo
1873 955 2047 1030 ὥστε
2103 965 2393 1030 additum
2448 965 2590 1050 est.)
2682 965 2943 1030 Memor.
2982 965 3064 1042 ΙΙ,
3102 965 3163 1042 3,
3206 966 3313 1030 133
3372 963 3429 1030 εἰ
3486 964 3555 1030 δὲ

783 1067 1059 1152 βούλοιο
1100 1070 1296 1152 ξένον
1332 1078 1609 1158 ποιῆσαι
1647 1062 2101 1158 ὑποδέχεσθαι
2139 1066 2443 1136 σεαυτόν.

962 1179 1052 1244 At
1090 1201 1232 1243 cum
1269 1180 1332 1241 in
1371 1181 1704 1261 utriusque
1739 1181 1959 1262 populi
1996 1179 2216 1262 lingua
2250 1178 2441 1242 verbo
2480 1177 2811 1243 faciendi
2850 1180 3043 1243 etiam
3078 1181 3311 1262 passivi
3350 1177 3556 1244 infini-

783 1287 898 1350 tivi
944 1286 1376 1370 adiungantur
1389 1285 1472 1374 ,*)
1529 1307 1680 1350 sane
1725 1292 1846 1363 est,
1891 1287 2063 1368 quod
2110 1287 2177 1350 in
2222 1285 2513 1350 omnibus
2558 1285 2715 1349 locis
2760 1285 3095 1361 eiusmodi,
3143 1287 3233 1350 eis
3278 1307 3403 1350 non
3452 1308 3555 1350 ex-

783 1395 1002 1475 eeptis,
1050 1413 1208 1475 quos
1255 1394 1444 1457 modo
1489 1393 1748 1476 protuli,
1793 1394 2223 1457 accusativum
2272 1415 2413 1456 cum
2452 1391 2763 1456 infim'tivo
2802 1393 2913 1474 qui
2951 1392 3184 1456 dicitur
3222 1394 3423 1457 inesse
3462 1393 3555 1454 iu-

783 1501 1078 1564 dicemus,
1145 1499 1558 1574 Accusativus
1595 1506 1808 1564 autem
1847 1523 1990 1564 cum
2027 1497 2338 1564 infinitivo
2376 1501 2765 1576 coniunctus,
2802 1500 2867 1563 in
2906 1499 3289 1564 Graecorum
3325 1499 3555 1563 Roma·-

783 1627 1134 1689 norumque
1173 1607 1390 1690 lingua
1425 1608 1892 1683 usitatissimus,
1930 1608 2109 1671 cuius
2146 1608 2211 1669 in
2240 1606 2558 1689 Rigvedae
2595 1606 2842 1688 hymnis
2880 1607 3125 1670 nullum
3162 1606 3332 1687 quod
3362 1607 3554 1670 sciam

781 1719 1050 1796 apparet
1101 1715 1464 1796 vestigium,
1519 1735 1710 1796 quam
1764 1713 1950 1778 facile
1997 1715 2151 1777 oriri
2196 1714 2513 1794 latiusque
2558 1719 2777 1796 patere
2822 1714 3103 1796 potuerit.
3148 1719 3552 1777 evanescente

779 1821 1121 1902 primariae
1169 1819 1466 1884 infinitivi
1502 1820 1744 1885 formae
1784 1821 2127 1896 intellectu,
2171 1819 2345 1884 hisce
2383 1819 2651 1884 fortasse
2688 1819 2987 1902 exemplis
3024 1817 3099 1882 fit
3134 1823 3550 1902 perspicuum.

781 1925 1084 2009 Superest
1131 1927 1348 2010 igitur,
1393 1932 1468 1991 ut
1517 1949 1594 1991 ex
1638 1929 1851 2010 getica
1895 1928 2139 2008 lingua,
2186 1947 2348 2008 quae
2392 1929 2641 2009 passivo
2692 1925 3003 1990 infinitivo
3052 1933 3245 2002 caret,
3290 1925 3549 1990 afferam

783 2034 1084 2116 exempla.
1142 2035 1368 2099 Matth.
1408 2035 1469 2112 5,
1506 2035 1592 2098 32
1605 2059 1620 2099 3
1659 2033 1908 2117 taujip
1945 2040 2031 2117 po
2066 2033 2413 2110 horinon,
2450 2047 2636 2098 ποιεῖ
2670 2023 2879 2120 αὐτὴν
2914 2038 3295 2116 μοιχᾶσθαι.
3354 2033 3549 2097 Marc.

785 2139 842 2216 1,
873 2140 986 2204 173
1016 2140 1134 2224 jah
1170 2141 1485 2225 gatauja
1521 2143 1682 2226 igqis
1720 2143 2036 2224 vairpan
2064 2147 2296 2225 nutans
2324 2161 2569 2217 manne,
2607 2141 2718 2204 καὶ
2747 2135 3010 2225 ποιήσω
3040 2132 3206 2223 ὑμᾶς
3234 2138 3551 2224 γενέσθαι

781 2238 986 2324 ἁλιεῖς
1015 2238 1431 2333 ἀνθρώπων.
1494 2249 1551 2326 7,
1581 2249 1694 2312 373
1731 2247 2073 2312 baudans
2111 2247 2460 2331 gataujip
2488 2246 2909 2332 gahausjan
2932 2247 3049 2330 jah
3076 2247 3549 2328 unrodjandans

779 2353 1078 2437 rodjan,
1123 2356 1236 2419 καὶ
1282 2347 1440 2432 τοὺς
1485 2345 1762 2437 κωφοὺς
1806 2367 1995 2420 ποιεῖ
2034 2346 2309 2418 ἀκούειν
2346 2356 2459 2418 καὶ
2495 2345 2655 2430 τοὺς
2692 2346 2982 2430 ἀλάλους
3017 2357 3261 2418 λαλεῖν.
3336 2354 3395 2429 8,
3432 2353 3547 2418 253

771 2461 889 2544 jah
917 2461 1277 2544 gatavida
1304 2464 1410 2526 ina
1435 2462 1868 2539 ussaihvan,
1896 2463 2011 2527 καὶ
2039 2459 2354 2548 ἐποίησεν
2384 2453 2594 2526 αὐτὸν
2622 2453 3011 2542 ἀναβλέψαι.
3067 2461 3218 2524 Luc.
3246 2459 3309 2536 5,
3338 2461 3453 2524 343
3482 2461 3546 2523 ni

777 2569 1006 2651 magud
1047 2589 1284 2633 sununs
1320 2567 1672 2652 brupfadis,
1707 2575 1860 2633 unte
1897 2591 1970 2634 sa
1996 2568 2301 2652 brupfads
2329 2571 2461 2652 mip
2490 2571 2577 2633 im
2605 2570 2705 2644 ist,
2742 2568 3106 2651 gataujan
3144 2567 3424 2645 fastan,
3458 2558 3547 2654 μὴ

780 2670 1077 2741 δύνασθε
1123 2666 1284 2752 τοὺς
1328 2665 1516 2751 υἱούς
1552 2683 1676 2740 τοῦ
1713 2682 2096 2760 νυμφῶνος,
2144 2674 2217 2740 ἐν
2256 2665 2312 2760 ᾧ
2354 2667 2389 2741 ὃ
2428 2672 2715 2759 νύμφιος
2748 2665 2889 2760 μετ’
2928 2667 3155 2739 αὐτῶν
3194 2673 3353 2754 ἐστι,
3399 2699 3545 2740 ποι-

775 2790 930 2870 ῆσαι
967 2778 1331 2870 νηστεύειν.
1408 2784 1540 2847 Ioh.
1580 2783 1640 2861 6,
1683 2784 1792 2848 103
1839 2786 2203 2868 vaurkeip
2240 2791 2401 2868 pans
2434 2807 2613 2849 mans
2650 2784 3185 2867 anakumbjan,
3221 2780 3545 2870 ποιήσατε

773 2880 935 2967 τοὺς
972 2882 1387 2975 ἀνθρώπους
1424 2882 1803 2955 ἀναπεσεῖν.
1861 2893 2037 2970 Quae
2075 2892 2361 2976 exempla
2397 2894 2517 2983 etsi
2544 2894 2759 2956 omnia
2783 2891 2945 2955 bone
2972 2893 3375 2955 consentiunt
3402 2912 3547 2955 cum

773 2997 1029 3075 vedicis,
1077 3002 1289 3062 tamen
1327 3020 1406 3061 ne
1443 2996 1703 3062 Ulfilam
1740 3000 2015 3081 quidem,
2062 3022 2205 3065 cum
2240 2998 2399 3064 haec
2434 3022 2510 3064 ex
2548 3020 2772 3082 graeco
2810 3020 3096 3063 sermone
3134 3005 3545 3074 converteret,

775 3106 856 3169 de
901 3126 1051 3169 vera
1097 3106 1338 3188 origine
1385 3103 1836 3169 infinitivorum
1885 3106 2113 3189 quibus
2160 3128 2309 3171 usus
2357 3112 2453 3171 est
2497 3112 2667 3171 recte
2712 3108 2994 3182 sensisse,
3040 3106 3149 3170 sed
3190 3126 3294 3169 eos
3330 3106 3545 3187 potius

773 3211 948 3276 hisee
985 3212 1140 3276 Iocis
1180 3213 1244 3275 in
1281 3213 1653 3277 accusativis
1687 3212 1987 3277 habuisse
2021 3214 2176 3277 mihi
2210 3234 2583 3295 persuasum
2629 3219 2741 3277 est.

951 3318 1147 3383 Dubii
1193 3318 1542 3396 haeremuS,
1587 3326 1804 3384 utrum
1849 3320 1975 3384 huc
2020 3319 2367 3385 referamus
2412 3343 2494 3385 an
2532 3320 2863 3384 consilium
2898 3318 3253 3401 significare
3292 3342 3542 3383 censea-

771 3446 912 3490 mus
957 3446 1064 3490 eos
1113 3422 1470 3503 infinitivos,
1516 3428 1626 3509 qui
1674 3448 1814 3491 cum
1859 3428 2179 3493 radicibus
2224 3449 2303 3492 as
2351 3434 2415 3491 et
2460 3427 2612 3492 bhfi
2660 3428 2975 3491 coniuncti
3022 3426 3337 3508 leguntur,
3382 3432 3456 3491 ut
3492 3427 3542 3504 Ι,

778 3532 880 3609 79,
921 3534 1034 3597 113
1083 3534 1409 3597 ειειιιῦλωω
1444 3534 1512 3597 id
1550 3531 1818 3614 vridhe
1855 3534 1948 3598 bh
1964 3556 2124 3612 ava,
2161 3540 2379 3598 nostro
2419 3536 2802 3599 incremento
2842 3536 2943 3597 sis.
2977 3533 3002 3619 ΙΙ
3038 3533 3085 3610 Ι,
3122 3534 3227 3610 37,
3270 3535 3379 3598 153
3418 3536 3543 3599 asti

770 3639 841 3701 hi
885 3638 1096 3703 shma
1139 3640 1458 3723 madaya
1503 3640 1641 3719 vah,
1686 3648 1783 3706 est
1829 3642 2115 3723 profecto
2164 3642 2393 3724 gaudio
2432 3640 2627 3703 vobis,
2666 3640 2905 3727 (Mucll.
2946 3640 2983 3703 l.
3021 3642 3061 3704 l.
3098 3663 3156 3724 p.
3195 3640 3283 3703 55
3319 3642 3539 3705 vertit:

771 3745 962 3831 ‘truly
1006 3746 1188 3811 there
1234 3748 1287 3810 is
1335 3746 1584 3830 enough
1619 3745 1720 3811 for
1755 3768 1914 3829 your
1951 3747 2321 3835 rejoicing.')
2356 3746 2380 3834 Η
2413 3746 2462 3823 Ι,
2501 3747 2604 3823 89,
2642 3747 2712 3811 53
2757 3746 2962 3829 pusha
2998 3766 3080 3809 no
3118 3747 3317 3828 yatha
3351 3744 3539 3811 vedar-

771 3856 907 3915 sam
955 3852 1134 3916 asad
1181 3850 1476 3932 vridhe‚
1523 3853 1780 3918 Pushan
1828 3854 2010 3918 nobis
2055 3860 2131 3917 ut
2176 3855 2542 3917 divitiarum
2588 3855 2671 3917 sit
2718 3856 3118 3917 incremento,
3153 3853 3178 3939 Η
3214 3852 3285 3930 V,
3330 3854 3429 3930 16,
3468 3853 3538 3918 53

769 3955 944 4022 ἑᾶΙιί
988 3960 1197 4042 pritsu
1240 3980 1323 4023 no
1371 3958 1664 4041 vridhe,
1711 3962 1796 4025 sis
1845 3960 1910 4024 in
1955 3960 2185 4043 pugnis
2232 3960 2413 4023 nobis
2460 3960 2886 4043 prosperitati.
2918 3959 2943 4045 Η
2982 3960 3117 4036 VII,
3158 3961 3261 4035 24,
3305 3962 3369 4024 l:
3426 3962 3538 4023 {iso

766 4064 966 4147 yatha
1009 4065 1109 4129 no’
1144 4068 1277 4130 vita
1312 4064 1604 4145 vridhe,
1649 4070 1735 4131 sis
1772 4074 1846 4131 ut
1883 4067 2067 4130 nobis
2104 4067 2317 4131 fautor
2355 4068 2753 4131 incremento,
2788 4066 2812 4153 Η
2850 4066 2985 4142 VII,
3028 4067 3130 4143 77,
3172 4070 3237 4130 13
3286 4066 3539 4131 abbud

767 4172 957 4254 agnih
1015 4173 1354 4238 samidhe
1406 4173 1867 4252 manushAnam
1921 4174 2080 4237 :ikar
2127 4173 2326 4257 jyotir
2382 4172 2787 4237 badhamana
2831 4174 3132 4249 tamasisi‚
3188 4180 3325 4236 erat
3372 4174 3537 4254 ignis

765 4276 1091 4345 hominum
1145 4281 1228 4345 ad
1289 4280 1775 4358 incendendum,
1831 4279 2119 4369 (aurora)
2176 4279 2329 4345 fecit
2382 4280 2585 4344 lucem
2650 4280 2969 4363 depellens
3023 4280 3333 4344 tenebras.
3367 4279 3395 4367 ΙΙ
3427 4279 3537 4356 ΙΧ,

942 4474 1000 4546 *)
1057 4476 1137 4530 Cf.
1177 4478 1337 4530 Lucr.
1377 4476 1444 4541 V,
1485 4477 1616 4530 661:
1665 4488 1812 4541 quae
1847 4474 2130 4541 faciunt
2164 4474 2295 4529 solis
2331 4491 2481 4529 nova
2518 4491 2729 4544 semper
2766 4476 2982 4529 lumina
3016 4477 3221 4544 yiyni.
3298 4476 3363 4543 V,
3404 4477 3535 4531 7603

765 4579 912 4631 quae
947 4563 1231 4630 faciunt
1267 4567 1421 4633 iynes
1457 4566 1912 4633 interstinyui
1948 4570 2117 4633 atque
2145 4567 2390 4633 perire.
2449 4564 2602 4618 Ovid.
2644 4566 2777 4618 Met.
2811 4566 2961 4631 XIII,
2993 4566 3097 4619 373
3126 4582 3271 4634 sqq.:
3312 4566 3536 4619 obstan-

763 4654 848 4705 tia
891 4655 1098 4707 removi
1143 4655 1372 4719 altaque
1410 4669 1609 4721 posse
1653 4654 1812 4723 capi
1846 4652 2174 4719 faciendo
2209 4652 2491 4724 Peryama
2530 4654 2661 4722 cepi.
2739 4654 2876 4707 Xen.
2918 4656 3039 4723 Cyr.
3078 4656 3121 4719 Ι,
3162 4658 3210 4720 6,
3252 4658 3333 4707 18.
3384 4655 3535 4721 vm,

763 4744 812 4807 3,
852 4744 947 4796 32:
999 4736 1168 4812 οἵπερ
1213 4760 1294 4808 με
1345 4739 1681 4810 ἐποίησαν
1725 4744 2067 4813 βληθῆναι
2119 4736 2227 4797 ὕπὸ
2276 4744 2396 4797 σοῖν.
2454 4742 2611 4795 Pans.
2654 4742 2723 4809 11,
2762 4744 2847 4807 29,
2887 4744 2945 4795 8:
2998 4738 3180 4807 θύσας
3226 4746 3321 4797 καὶ
3370 4738 3535 4809 2550}-

761 4848 935 4900 μενος
969 4824 1073 4899 τὴν
1101 4824 1351 4885 ζ,Ελλάδα
1389 4836 1496 4901 γῆν
1535 4827 1810 4901 ἐποίησαν
1850 4822 2073 4887 {iso-9111.
