3911 5522
2168 365 2251 428 84

823 569 1050 629 mavan
1115 560 1542 638 rakshitum
1606 560 1968 640 kshamah
2007 591 2095 618 ε
2132 561 2341 637 82,1:
2405 561 2707 627 ekantato
2772 562 3025 642 mridul]
3088 561 3595 645 karatalagatam

822 695 946 756 apy
1000 669 1252 747 artham
1307 668 1734 734 rakshitum
1788 668 2227 747 akshamah,
2290 667 2461 755 (qui)
2516 668 2769 734 omnino
2824 669 3156 753 indulgens
3215 674 3335 746 est,
3389 690 3470 734 ne
3526 669 3593 732 id

823 779 1078 862 quidem
1128 775 1294 860 quod
1331 797 1521 838 manu
1559 779 1736 838 tenet
1771 774 2061 839 obtinere
2097 781 2321 857 potest.
2402 774 2502 851 18,
2544 773 2654 840 15:
2700 777 3121 858 palayitnm
3157 775 3594 854 akshamah‚

822 887 1096 970 effugere
1152 887 1478 965 impotens.
1571 880 1688 958 ΙΙΙ,
1724 881 1828 944 49.
1892 881 1989 956 12,
2028 882 2086 945 2.
2167 881 2417 962 Bhartr.
2458 879 2540 957 II,
2580 882 2695 947 89:
2751 882 3045 961 likhitam
3098 889 3213 947 tan
3266 881 3595 965 merjitum

821 994 948 1072 kall
995 991 1330 1068 kshamnh,
1384 990 1760 1071 scripturam
1808 989 1971 1054 hanc
2017 992 2417 1072 exstinguere
2463 991 2603 1074 quis
2646 991 2895 1072 potest?
2968 989 3241 1072 [Eadem
3284 1011 3404 1054 vox
3448 1009 3595 1054 cum

821 1099 1171 1182 genetivo
1220 1095 1503 1178 iungitur
1547 1095 1807 1178 Yajnav.
1847 1095 1962 1172 111,
2005 1096 2157 1160 141:
2202 1097 2438 1160 maline
2484 1096 2552 1161 hi
2598 1095 2794 1178 yatha
2838 1097 3029 1176 darec
3075 1095 3595 1178 rupalokasya

820 1227 905 1272 na
971 1202 1330 1282 kshamah
1381 1202 1391 1288 Ι
1441 1200 1625 1264 tatha
1679 1201 2206 1284 ’vipakvakarana
2259 1207 2433 1266 atma
2481 1203 2852 1286 jnanasya
2904 1225 2990 1267 na
3044 1202 3403 1280 kshamah
3448 1200 3475 1287 ΙΙ
3516 1206 3593 1265 ut

821 1313 1144 1376 sordidum
1183 1309 1520 1392 speculum,
1559 1309 1622 1370 in
1660 1329 1782 1390 quo
1822 1309 2157 1391 imaginem
2195 1307 2427 1396 (tuam)
2467 1310 2831 1392 conspicias,
2868 1310 3163 1373 idoneum
3192 1329 3321 1372 non
3346 1314 3461 1384 est,
3498 1308 3594 1370 ita

821 1420 1138 1501 ingenium
1185 1416 1462 1481 nondum
1510 1416 1665 1479 satis
1710 1416 2025 1480 excultum
2072 1417 2413 1498 cognitioni
2462 1422 2683 1499 aptum
2726 1437 2854 1480 non
2900 1423 3024 1492 est;
3071 1437 3214 1480 cum
3261 1415 3592 1480 locativo

820 1527 1104 1608 iungitur
1158 1523 1228 1586 R.
1267 1523 1328 1598 4,
1367 1523 1471 1596 38,
1510 1522 1623 1585 26:
1680 1522 2005 1602 darc-ane
2058 1523 2394 1602 kshamah,
2450 1523 2704 1588 videndi
2758 1525 3095 1606 potentes]
3136 1522 3164 1609 ΙΙ
3206 1521 3336 1585 Hit.
3382 1521 3481 1596 15,
3517 1523 3590 1585 9:

817 1637 1102 1714 pacano
1147 1628 1484 1706 chettum
1533 1628 1792 1704 katham
1840 1630 2305 1709 samarthah,
2352 1630 2559 1694 vincla
2602 1630 2914 1713 quomodo
2960 1649 3255 1711 rumpere
3298 1627 3591 1710 possum?

821 1739 924 1813 21,
966 1739 1065 1800 11.
1123 1736 1227 1812 64,
1267 1735 1381 1811 223
1439 1733 1545 1811 65,
1589 1737 1642 1799 1.
1700 1735 1805 1813 67,
1849 1737 1944 1799 13.
2007 1736 2108 1813 72,
2146 1737 2204 1800 6.
2281 1737 2384 1813 87,
2424 1737 2491 1799 23
2537 1739 2735 1801 svami
2783 1741 2951 1814 mam
2988 1735 3365 1812 vikretum
3405 1733 3591 1796 deve-

820 1845 987 1927 bhyo
1052 1841 1568 1924 brahmanebhyo
1637 1846 1712 1904 va
1775 1843 2031 1921 datum
2098 1843 2563 1922 samarthah,
2627 1843 2917 1908 dominus
2972 1863 3071 1907 me
3127 1841 3399 1906 vendere
3454 1839 3591 1902 deis

819 1951 1290 2015 brachmanisve
1339 1951 1592 2013 tradere
1637 1956 1865 2032 potest.
1947 1950 2091 2026 106,
2136 1952 2231 2014 18.
2288 1951 2541 2030 Bhartr.
2580 1951 2627 2028 Ι,
2664 1951 2768 2014 56.
2824 1949 2906 2026 ΙΙ,
2950 1949 3047 2013 15.
3120 1949 3251 2012 Hit.
3296 1947 3439 2023 123,
3482 1944 3589 2009 12:

818 2079 887 2121 so
933 2057 1322 2140 'tijirnataya
1367 2055 1702 2120 svaharam
1746 2058 2281 2139 utpadayitum
2326 2057 2839 2136 asamarthah,
2896 2059 2949 2120 is
2994 2053 3281 2142 (anguis)
3326 2059 3591 2137 propter

815 2171 1090 2229 aetatem
1144 2163 1600 2246 provectiorem
1655 2165 1887 2227 victum
1945 2166 2348 2248 comparandi
2404 2165 2735 2247 impotens.
2818 2164 2961 2240 127,
2997 2164 3057 2226 4.
3114 2163 3219 2238 91,
3262 2161 3359 2224 15.
3416 2159 3587 2223 Lass.

817 2271 1006 2335 Anth.
1047 2273 1105 2347 2,
1135 2271 1238 2334 21.
1295 2271 1702 2334 Locativus
1741 2292 1817 2334 ex
1855 2270 1973 2334 hac
2010 2293 2159 2334 voce
2194 2272 2429 2354 pendet
2466 2271 2717 2351 Bhartr.
2755 2271 2870 2348 III,
2899 2271 3014 2334 993
3052 2270 3241 2333 dane
3279 2267 3589 2332 ’samar-

817 2377 1026 2456 thah,
1082 2379 1234 2441 dare
1291 2377 1617 2460 impotens,
1670 2377 1695 2464 ΙΙ
1746 2377 2001 2457 Bhartr.
2040 2378 2087 2453 1,
2126 2379 2240 2442 603
2297 2384 2469 2442 tatra
2522 2379 2901 2460 pratysiham
2957 2377 3263 2440 adatum
3318 2373 3589 2438 brahma

815 2484 1014 2548 khalu
1059 2484 1412 2562 katarah,
1459 2483 1549 2547 ibi
1595 2483 2112 2566 impedimentum
2160 2484 2386 2568 afferre
2424 2487 2557 2568 ipse
2594 2507 2743 2548 vero
2780 2484 3060 2549 Brahma
3097 2482 3416 2557 abhorret,
3464 2501 3587 2563 quo

815 2591 951 2655 loco
990 2590 1298 2676 ‘katarah’
1336 2589 1706 2654 scholiastes
1736 2611 1886 2654 voce
1915 2591 2359 2675 ‘asamarthah'
2388 2592 2676 2675 explicat.
2710 2591 2736 2679 Η
2770 2591 2951 2656 MBh.
2980 2589 3028 2667 Ι,
3058 2591 3170 2653 533
3208 2587 3587 2671 vyakhya-

815 2705 967 2778 tum
1031 2697 1355 2779 kucalali
1421 2698 1602 2761 kecid
1671 2696 2015 2781 granthan,
2088 2699 2427 2763 enarrandi
2489 2698 2685 2763 libros
2750 2699 2940 2782 periti
3001 2695 3287 2763 nonnulli
3350 2693 3584 2779 (sunt);

815 2804 1218 2889 [locativus
1283 2805 1517 2885 legitur
1580 2804 1719 2869 Nal.
1769 2803 2003 2877 XVIII,
2049 2806 2118 2868 63
2192 2804 2797 2888 cighrayaneshu
2864 2804 3217 2886 kucalab,
3284 2802 3586 2867 velocium

815 2932 1108 2975 cursumn
1143 2914 1404 2992 peritus,
1440 2913 1838 2995 genetivus
1878 2911 2137 2993 Yajnav.
2178 2911 2259 2989 II,
2302 2912 2453 2978 1813
2495 2914 2949 2995 dravyanam
2986 2910 3339 2991 kucalah,
3377 2930 3583 2972 rerum

813 3016 1201 3100 prudentes]
1235 3016 1260 3103 ΙΙ
1294 3017 1473 3082 MBh.
1513 3018 1561 3095 1,
1597 3018 1799 3082 59693
1846 3023 1931 3083 na
1969 3017 2128 3101 ’yam
2176 3019 2947 3102 pratibalah...mama
2985 3019 2995 3105 Ι
3036 3017 3349 3095 sodhum
3388 3015 3583 3098 yudhi

815 3124 1288 3206 parispandam,
1342 3124 1396 3188 is
1453 3146 1578 3188 non
1633 3147 1749 3209 par
1806 3132 1903 3190 est
1960 3128 2025 3188 in
2082 3148 2295 3209 pugna
2349 3129 2649 3209 impetum
2704 3148 2913 3190 meum
2960 3126 3287 3190 sustinere.
3338 3124 3365 3209 Η
3415 3122 3486 3186 R.
3526 3122 3585 3197 3,

812 3232 920 3305 44,
959 3231 1074 3293 303
1131 3234 1476 3312 anuyatum
1531 3252 1614 3295 na
1668 3238 1977 3315 paryapto
2034 3232 2277 3315 garudo
2332 3236 2577 3316 vayuna
2622 3234 2805 3309 salia,
2862 3232 3154 3309 Garudas
3198 3254 3325 3295 non
3374 3232 3426 3293 is
3474 3236 3585 3303 est,

815 3358 999 3421 quem
1044 3357 1173 3401 una
1219 3358 1361 3401 cum
1407 3343 1594 3401 vento
1641 3340 1940 3422 consequi
1986 3340 2217 3422 possis3
2267 3338 2371 3425 (cf.
2412 3339 2595 3404 MBh.
2634 3339 2752 3416 III,
2796 3340 3037 3403 135413
3084 3347 3254 3415 tvam
3300 3337 3366 3400 hi
3406 3344 3586 3419 tasya

811 3446 1179 3526 vinam-,aya
1241 3446 1694 3527 paryaptali,
1759 3452 1828 3508 tu
1893 3446 2043 3510 huic
2106 3446 2371 3510 delendo
2436 3468 2553 3528 par
2618 3468 2700 3511 es,
2790 3446 2989 3529 Ragh.
3044 3446 3143 3521 16,
3192 3444 3303 3508 283
3370 3443 3583 3525 pidem

811 3550 1427 3633 aparyitptavati’
1465 3572 1542 3615 va
1579 3552 1866 3630 sodhum,
1903 3553 2110 3617 dolori
2147 3552 2405 3618 ferendo
2442 3574 2561 3635 par
2596 3576 2721 3617 non
2752 3554 2936 3639 erat.)
2968 3552 2995 3641 Η
3029 3551 3213 3616 MBh.
3244 3549 3353 3625 IX,
3387 3548 3583 3613 18283

807 3680 890 3721 na
943 3656 1026 3740 hy
1084 3658 1201 3721 eko
1257 3640 1579 3723 bahubhir
1633 3663 1826 3723 virair
1871 3664 2163 3742 nyayyo
2208 3659 2700 3742 yodhayitum
2744 3660 2967 3743 yudhi,
3024 3681 3228 3743 neque
3273 3658 3441 3722 enim
3488 3666 3582 3721 est

807 3784 1078 3845 aequum
1131 3786 1326 3828 unum
1382 3785 1422 3827 a
1475 3766 1692 3830 multis
1737 3768 1887 3830 viris
1934 3767 2289 3849 impugnari
2338 3766 2487 3851 (lex.
2528 3767 2779 3851 Petrop.
2819 3790 2865 3831 S.
2902 3769 3002 3854 in).
3034 3766 3061 3853 Η
3094 3766 3164 3829 R.
3204 3764 3285 3846 ΙΙ,
3324 3764 3430 3840 39,
3468 3764 3581 3828 283

809 3869 1115 3934 (1113111ηέκί
1165 3872 1558 3950 vicalitum
1605 3877 1689 3936 na
1728 3871 1890 3937 'ham
1931 3874 2126 3952 alam
2164 3875 2441 3937 candrad
2482 3876 2585 3938 iva
2619 3874 2885 3957 prabha,
2930 3896 2971 3938 a
3006 3874 3255 3937 iustitia
3288 3872 3581 3937 recedere

807 3996 931 4039 non
986 3998 1239 4057 possum
1295 3976 1606 4061 (prop'riez
1671 4001 1796 4042 non
1853 4001 1969 4061 ego
2024 3982 2235 4067 satis),
2300 3986 2373 4044 ut
2425 4002 2466 4044 a
2521 3982 2672 4045 luna
2725 3980 3025 4065 splendor
3076 3980 3401 4066 (recedere
3455 4001 3579 4044 non

804 4084 1061 4167 potest).
1121 4083 1270 4147 Cak.
1310 4084 1424 4147 533
1465 4084 1616 4165 jane
1652 4092 1874 4167 tapaso
1912 4088 2154 4169 viryam
2193 4092 2265 4152 sa
2300 4087 2451 4151 bala
2486 4091 2774 4171 paravati
2810 4088 2881 4154 ’ti
2920 4111 3019 4153 me
3058 4088 3321 4151 viditam
3360 4089 3370 4171 1
3411 4086 3578 4152 alam

804 4189 962 4253 asini
1010 4195 1146 4253 tato
1193 4189 1526 4272 hridayam
1573 4192 1755 4255 tutha
1800 4191 1880 4275 ’pi
1927 4216 2007 4257 ne
2054 4193 2217 4271 'dam
2266 4194 2733 4279 nivartayitum,
2781 4195 2922 4258 novi
2969 4194 3400 4277 castigationis
3436 4195 3580 4269 vim,

805 4296 968 4360 hanc
1023 4296 1294 4379 puellam
1351 4296 1593 4361 alienae
1649 4298 1999 4363 subiectam
2056 4322 2191 4365 esse
2246 4304 2546 4383 potestati
2593 4303 2748 4378 scic,
2804 4302 3003 4367 nihilo
3050 4303 3255 4365 minus
3300 4302 3579 4365 animum

802 4402 972 4466 hunc
1017 4400 1098 4466 ab
1137 4424 1214 4466 ea
1249 4425 1512 4467 avocare
1553 4426 1807 4489 nequeo.
1883 4406 2047 4488 [AV.
2090 4409 2151 4483 6,
2194 4409 2338 4483 109,
2382 4410 2446 4471 13
2494 4411 2659 4491 iyam
2700 4409 3030 4491 jivitava
3075 4408 3294 4484 alam,
3337 4406 3461 4471 hoc
3496 4406 3576 4471 ad

805 4509 1134 4574 vivendum
1199 4513 1354 4575 satis
1423 4516 1533 4575 est.
1624 4511 1695 4576 R.
1735 4512 1794 4587 3,
1831 4512 1936 4589 47,
1976 4514 2045 4577 63
2112 4513 2277 4579 alam
2340 4515 2497 4579 asmi
2554 4516 2940 4593 nivarane,
3002 4536 3257 4599 possum
3314 4513 3575 4595 arcere]

800 4613 1168 4681 Latinorum
1235 4617 1462 4700 supino
1529 4618 1710 4682 alteri
1779 4622 2160 4703 respondent
2214 4620 2284 4684 hi
2339 4619 2664 4686 infinitivi:
2729 4622 2927 4705 Bhag.
2966 4622 3027 4699 5,
3064 4622 3136 4685 63
3201 4603 3575 4701 duhkham

800 4726 1046 4805 aptum,
1103 4720 1363 4788 difficile
1422 4726 1778 4807 impetratu.
1851 4726 1920 4790 R.
1962 4727 2022 4802 2,
2060 4728 2163 4803 28,
2204 4728 2271 4792 7:
2327 4728 2681 4806 simhanfim
2728 4730 2964 4795 ninada
3009 4718 3367 4809 duhkhah
3414 4749 3575 4809 cro-

803 4834 980 4905 tum,
1017 4829 1270 4894 leonum
1310 4832 1586 4915 mugitus
1627 4833 1942 4897 iniucundi
1985 4834 2189 4920 (sunt)
2229 4835 2473 4899 auditu.
