3911 5522
1777 357 1817 424 3

405 559 472 624 in
508 579 576 624 se
611 559 907 642 recipere,
946 563 1160 622 tamen
1198 557 1578 642 peculiarem
1613 557 1738 621 vim
1776 556 2093 622 verbalem
2130 556 2421 636 retinere,
2462 577 2602 620 cum
2640 554 2956 622 obiectum
2992 556 3072 621 ab
3104 578 3177 623 eo

403 667 677 750 pendere
711 666 911 749 possit
949 671 1175 750 quarto
1213 665 1344 729 fere
1381 685 1530 730 casu
1566 663 1940 749 appositum.
1998 663 2103 728 Sic
2139 661 2519 728 infinitivum
2556 663 2827 728 transire
2854 665 2923 727 in
2949 685 3177 747 gerun-

405 775 580 838 dium
617 795 675 856 p.
716 773 817 836 88.
891 773 991 836 En
1035 772 1341 838 habemus
1377 773 1650 837 alterum
1686 793 1900 855 genuS,
1948 771 2119 854 quod
2154 770 2323 855 apud
2364 770 2637 835 Graecos
2676 769 2985 836 infinitivo
3022 772 3177 836 arti-

403 880 545 946 culo
592 880 858 956 adiectO,
902 880 1072 962 apud
1109 879 1370 945 Latinos
1416 880 1724 962 gerundio
1771 885 1836 942 et
1883 879 2107 961 supino
2154 875 2499 961 significari
2536 877 2986 943 Humboldtius
3024 878 3180 944 dicit

403 1007 462 1070 p.
503 987 586 1050 89
626 1007 757 1070 sqq.
815 987 950 1051 Iam
985 1008 1134 1052 vero
1171 987 1225 1051 si
1253 985 1550 1051 infinitivi
1577 987 1784 1050 forma
1809 993 2112 1069 tanquam
2140 1006 2367 1050 nomen
2395 983 2779 1050 adhibeatur
2804 986 3179 1050 destitutum

405 1093 561 1158 illud
603 1094 856 1177 quidem
894 1095 1064 1159 omni
1102 1095 1162 1158 vi
1200 1093 1458 1170 verbali,
1493 1095 1662 1158 unde
1698 1093 1891 1156 aliam
1927 1092 2160 1158 obiecti
2198 1092 2515 1172 referendi
2542 1092 2853 1157 rationem
2883 1093 3178 1177 consequi

403 1221 656 1266 necesse
693 1201 796 1278 sit,
831 1201 928 1266 vel
965 1201 1030 1266 si·
1056 1222 1134 1265 ex
1169 1201 1314 1266 aliis
1350 1201 1528 1265 verbi
1562 1199 1854 1284 partibus
1883 1199 2278 1264 substantiva
2306 1199 2791 1278 conformentur,
2834 1221 2910 1264 ex
2936 1200 3179 1284 origine

405 1327 520 1372 sua
557 1327 632 1371 ea
667 1308 975 1392 appellari
1011 1307 1406 1372 substantiva
1441 1301 1740 1384 verbalia,
1778 1327 1938 1391 quae
1974 1307 2165 1370 tertio
2206 1306 2314 1370 illo
2354 1327 2581 1390 genere
2620 1306 3079 1371 contineantur.

583 1415 756 1492 Quae
812 1413 1259 1480 Humboldtius
1314 1415 1761 1498 explicaverat,
1818 1435 1894 1478 ea
1946 1413 2032 1478 M.
2092 1411 2479 1479 Schmidtius
2534 1413 2601 1478 in
2654 1415 3179 1478 commentatione

406 1543 596 1605 quam
633 1542 824 1605 supra
861 1521 1338 1586 commemoravi
1374 1523 1730 1586 accuratius
1767 1520 2153 1585 examinavit
2190 1527 2255 1586 et
2290 1541 2581 1608 magnam
2618 1527 2865 1603 partem
2890 1521 3179 1586 refellere

406 1629 666 1693 studuit.
743 1629 866 1706 Qui
913 1649 1054 1692 cum
1099 1628 1267 1694 illius
1315 1629 1694 1692 sententiam
1738 1626 2158 1710 improbasset
2206 1633 2269 1691 et
2315 1649 2455 1692 cum
2500 1627 2746 1711 Boppio
2799 1627 3179 1693 infinitivum

403 1756 520 1819 pro
575 1733 969 1800 substantivo
1025 1735 1384 1800 habendam
1441 1755 1576 1800 esse
1631 1734 2077 1813 existimasset,
2136 1733 2589 1799 Humboldtius
2642 1741 2716 1799 ut
2772 1736 2837 1800 in
2892 1757 3175 1820 campum

406 1842 815 1908 descenderet
861 1846 925 1906 et
962 1865 1096 1908 rem
1132 1843 1199 1906 in
1238 1842 1758 1925 disceptationem
1795 1849 2081 1907 vocatam
2117 1842 2325 1905 denuo
2362 1847 2671 1906 tractaret
2708 1849 3028 1926 permotus
3066 1850 3177 1908 est.

405 1947 491 2013 Et
527 1949 630 2014 hic
666 1951 920 2034 quidem
959 1950 1230 2034 epistula
1264 1950 1348 2014 ad
1385 1949 1466 2013 M.
1507 1949 1925 2014 Schmidtium
1964 1950 2171 2025 missa,
2209 1969 2369 2032 quae
2406 1949 2471 2011 in
2502 1947 2833 2013 Aufrechti
2864 1955 2935 2013 -et
2962 1949 3179 2014 Kuhni

405 2055 740 2121 annalibus
775 2079 830 2121 a.
877 2057 1064 2120 1853.
1101 2057 1184 2134 II,
1221 2079 1278 2140 p.
1310 2057 1442 2131 242
1480 2079 1610 2140 sqq.
1647 2055 1886 2138 publici
1923 2057 2079 2121 iuris
2108 2055 2279 2120 facta
2308 2062 2419 2133 est,
2461 2077 2621 2140 quae
2650 2062 2840 2120 antea
2866 2062 3180 2121 statuerat

405 2183 646 2228 summo
684 2185 808 2248 quo
845 2170 984 2230 erat
1019 2166 1304 2229 acumine
1341 2163 1642 2242 defendit,
1685 2185 1810 2248 qua
1847 2163 1912 2226 in
1951 2185 2020 2227 re
2056 2184 2183 2227 non
2221 2170 2355 2228 tam
2391 2164 2488 2228 sui
2528 2160 2722 2246 ipsius
2761 2185 2949 2248 quam
2984 2171 3178 2229 Bern-

405 2269 617 2334 hardii
665 2271 1084 2354 patrocinium
1130 2293 1196 2334 se
1235 2271 1577 2353 suscepisse
1615 2271 1870 2346 fatetur,
1915 2270 2045 2333 alia
2084 2270 2338 2334 addidit
2373 2292 2432 2353 p.
2476 2271 2624 2348 246,
2670 2271 2799 2335 alia
2836 2271 3024 2354 paulo
3062 2273 3178 2336 im-

407 2378 699 2453 mutavit,
753 2377 950 2442 veluti
994 2400 1052 2460 p.
1101 2378 1232 2440 245
1281 2377 1445 2440 dixit
1489 2377 1553 2440 in
1602 2375 1914 2440 infinitivo
1960 2377 2161 2441 inesse
2208 2377 2591 2459 peculiarem
2636 2399 2713 2441 ac
2754 2378 3007 2462 plenam
3052 2379 3175 2442 vim

403 2481 738 2560 verbalem,
776 2504 937 2567 quae
972 2485 1054 2547 ad
1092 2485 1392 2566 temporis
1429 2485 1557 2548 sive
1592 2489 1979 2548 momentum
2016 2485 2145 2548 sive
2183 2485 2458 2567 spatium
2494 2491 2825 2568 spectaret,
2865 2491 2930 2549 et
2955 2508 3014 2568 p.
3046 2486 3172 2549 ⁶247

405 2587 786 2653 infinitivum
825 2592 1096 2655 articulo
1134 2591 1512 2655 instructum
1549 2597 1790 2654 certum
1827 2591 2071 2675 aliquid
2108 2611 2184 2654 ac
2218 2589 2551 2656 definitum
2586 2591 2942 2675 significare
2980 2614 3175 2676 eoque

405 2697 592 2763 modo
639 2719 780 2763 cum
826 2699 1146 2783 propriam
1195 2699 1467 2763 exuisset
1505 2703 1798 2763 naturam
1833 2698 1900 2761 in
1934 2719 2177 2763 merum
2215 2699 2677 2765 substantivum
2714 2700 2908 2765 abire.
2984 2699 3175 2765 Cuius

406 2806 784 2869 sententiam
830 2806 1104 2890 amplexi
1151 2812 1298 2869 sunt
1336 2806 1434 2869 Fr.
1471 2805 1840 2870 Luebkerus
1887 2811 1951 2869 et
1990 2806 2055 2869 F.
2096 2806 2170 2871 G.
2206 2807 2547 2883 Dahlecke,
2571 2830 2859 2892 quorum
2896 2808 3058 2872 alter
3096 2809 3176 2872 de

405 2932 524 2975 usu
561 2908 858 2975 infinitivi
893 2913 1188 2977 Plautino
1225 2913 1484 2977 Slesvici
1527 2914 1716 2989 1841,
1751 2914 1919 2977 alter
1954 2914 2034 2976 de
2070 2935 2187 2977 usu
2224 2913 2521 2978 infinitivi
2552 2915 2902 2979 Horatiano
2930 2916 3175 2979 Vratis—

405 3018 608 3083 laviae
669 3020 839 3082 1854
895 3021 1161 3103 scripsit.
1237 3019 1331 3083 Ne
1376 3020 1432 3084 J.
1483 3020 1824 3084 Grrimmius
1871 3020 2127 3103 quidem
2172 3020 2255 3084 ab
2302 3044 2378 3085 ea
2422 3024 2669 3087 ratione
2714 3020 3040 3087 deflexisse
3086 3024 3176 3086 vi-

407 3124 610 3201 detur,
657 3125 766 3209 qui
811 3133 1139 3207 grammat.
1179 3148 1454 3208 german.
1493 3128 1607 3191 vol.
1647 3126 1757 3204 IV,
1796 3150 1852 3211 p.
1893 3127 1999 3204 56,
2036 3127 2116 3189 91
2170 3129 2250 3191 de
2288 3128 2579 3193 universa
2616 3128 2911 3194 infinitivi
2948 3136 3178 3195 natura

407 3232 768 3315 disputavit.
843 3233 1042 3297 Plane
1085 3233 1276 3297 aliam
1321 3240 1511 3317 atque
1547 3234 1999 3298 Humboldtius
2044 3234 2211 3299 viam
2257 3235 2573 3319 ingressus
2621 3242 2717 3300 est
2754 3237 2828 3301 A.
2866 3237 3176 3301 Hoeferus

405 3338 620 3403 libello
659 3340 738 3403 de
774 3338 1088 3404 infinitivo
1127 3340 1433 3423 imprimis
1470 3341 1778 3406 sanserito
1817 3342 1989 3405 edito
2025 3340 2308 3405 Berolini
2352 3342 2540 3407 1840.
2598 3342 2855 3408 Etenim
2892 3366 3031 3409 cum
3068 3344 3176 3409 ille

406 3446 476 3510 id
521 3446 722 3510 solum
771 3452 1015 3527 ageret,
1065 3453 1137 3510 ut
1183 3448 1316 3510 eius
1365 3468 1487 3530 quo
1533 3447 1724 3512 hodie
1769 3449 2011 3512 utimur
2061 3446 2353 3512 infinitivi
2401 3450 2525 3513 vim
2573 3457 2637 3515 et
2682 3458 2977 3515 naturam
3024 3472 3175 3515 enu-

407 3552 642 3617 clearet
687 3560 878 3637 atque
917 3556 1106 3617 certis
1144 3554 1520 3638 quibusdam
1557 3554 1789 3619 finibus
1827 3554 2385 3635 circumscriberet,
2433 3556 2539 3621 hic
2574 3563 2722 3622 ante
2760 3558 2971 3622 omnia
3008 3560 3175 3622 unde

407 3656 753 3724 infinitivus
808 3661 1117 3743 originem
1171 3662 1454 3727 duxisset
1497 3683 1798 3745 quaerere
1843 3663 2151 3737 instituit,
2208 3684 2331 3747 quo
2379 3663 2626 3729 facilius
2673 3670 2736 3728 et
2782 3667 3012 3729 certius
3055 3665 3177 3729 hoc

407 3766 663 3830 invento
709 3769 1234 3851 quemadmodum
1281 3770 1414 3832 eius
1462 3771 1555 3833 vis
1592 3769 1894 3834 hebetata
1932 3776 2096 3835 esset
2133 3771 2608 3853 intellegeretur
2626 3772 2696 3857 ⁸).
2772 3772 2858 3835 Et
2892 3771 3175 3856 profecto

407 3872 570 3937 hanc
612 3874 922 3938 rationem
971 3896 1156 3939 unam
1203 3874 1481 3940 omnium
1527 3898 1738 3940 veram
1783 3883 1848 3941 ot
1892 3878 2084 3941 fuisse
2132 3885 2197 3941 et
2244 3900 2377 3943 esse
2424 3900 2539 3959 ego
2577 3878 2831 3962 quidem
2868 3878 3175 3942 existimo.

409 3978 716 4044 Hoeferus
761 3980 956 4061 igitur
1000 4004 1140 4046 cum
1187 3983 1252 4046 in
1301 3983 1504 4046 varias
1552 3982 1846 4047 infinitivi
1893 3985 2421 4049 conformationes
2461 3986 2903 4069 inquisivisset,
2950 4007 3075 4068 qua
3110 3986 3175 4049 in

406 4108 476 4151 re
520 4108 658 4151 eum
707 4093 1058 4173 temporum
1105 4089 1437 4173 iniquitate
1484 4111 1686 4173 noque
1725 4092 1878 4155 satis
1916 4074 2171 4155 vedicne
2209 4092 2463 4156 dialecti
2502 4114 2703 4175 neque
2741 4094 2991 4157 omnino
3027 4093 3176 4158 bac-

406 4194 604 4257 tricae
653 4194 904 4277 linguae
923 4195 978 4281 ⁴)
1025 4197 1334 4259 rationem
1381 4196 1612 4259 habere
1659 4198 1938 4280 potuisse
1984 4199 2163 4262 valde
2210 4198 2547 4263 dolendum
2586 4208 2698 4279 est,
2746 4200 2828 4263 ad
2865 4201 3029 4264 hanc
3067 4202 3175 4264 de-

407 4300 632 4365 ductus
687 4308 783 4365 est
838 4303 1242 4379 sententiam,
1299 4302 1676 4367 infinitivum
1734 4306 2013 4368 omnium
2066 4304 2313 4369 aristeae
2368 4306 2584 4388 stirpis
2628 4306 2987 4389 linguarum
3033 4330 3176 4371 san-

408 4406 662 4487 seritae,
709 4410 1051 4491 pracritae,
1100 4432 1389 4493 graecae,
1436 4432 1642 4487 oscae,
1691 4410 1941 4493 latinae,
1992 4413 2237 4495 geticae
2286 4420 2399 4477 etc.
2446 4413 2607 4477 nihil
2652 4413 2825 4477 aliud
2874 4434 3007 4479 esse
3052 4416 3174 4479 nisi

554 4546 663 4553 ——-
732 4548 832 4555 -μ-

587 4603 636 4671 ³)
677 4604 756 4658 (tf.
797 4604 955 4660 Hoef.
995 4604 1032 4659 l.
1075 4604 1108 4660 l.
1149 4622 1200 4676 p.
1241 4608 1310 4662 60
1348 4605 1530 4663 adnot.

585 4691 635 4760 ⁴)
675 4692 828 4761 Quod
859 4694 1129 4749 lloeferus
1169 4695 1388 4763 linguae
1427 4693 1709 4751 bactricae
1741 4696 2055 4768 exemplum
2095 4716 2125 4754 e
2154 4697 2335 4770 Boppi
2365 4714 2589 4769 gramm.
2622 4696 2796 4756 critic.
2829 4698 3173 4773 desumptum

406 4780 598 4835 attulit
643 4788 699 4835 et
745 4782 960 4837 dativos
1008 4784 1473 4839 substantivorum
1519 4786 1718 4841 suffixo
1765 4786 1818 4840 ti
1865 4788 2219 4843 formatorum
2267 4790 2387 4843 loco
2434 4790 2695 4845 infinitivi
2741 4792 2797 4845 in
2846 4792 3017 4845 bat-tr.
3059 4810 3173 4847 ser-

407 4886 565 4923 mone
605 4870 856 4939 nsnrpari
899 4874 1358 4931 commemoravit.
1399 4874 1526 4928 huic·
1565 4875 1644 4929 rei
1685 4892 1788 4929 non
1829 4878 2059 4933 multum
2102 4878 2451 4933 tribuendum
2492 4896 2613 4933 esse
2652 4887 2801 4949 puto.

2684 4971 2747 5023 l.
