3911 5522
1705 365 1783 434 17

349 558 560 642 posita
604 581 816 626 merae
862 561 1059 628 radici
1108 562 1545 640 ita-adicitur,
1589 571 1674 629 'ut
1719 564 1924 629 forma
1970 563 2221 629 locativi
2270 563 2556 648 tanaiy,
2600 583 2729 628 non
2774 562 3011 641 tanai,
3056 569 3131 632 ut

349 669 810 750 expectandum
858 675 1014 746 erat,
1058 677 1384 753 appareat.
1454 671 1618 735 Nam
1665 693 1808 736 cum
1853 671 2024 754 leges
2071 671 2326 754 linguae
2372 673 2655 754 persicae
2700 671 2901 736 ullum
2946 691 3129 736 vocae·

347 773 567 838 bulum
615 777 680 839 in
725 777 752 840 i
797 777 968 841 exire
1013 783 1246 854 vetent,
1289 778 1544 842 litterae
1591 779 1616 842 i
1661 775 1837 842 finali
1877 779 2057 861 quasi
2096 777 2545 844 adminiculum
2584 777 2901 862 quoddam
2936 799 2979 862 y
3015 779 3129 844 ad-

349 880 540 945 ditur.
615 882 752 960 Quo
801 881 889 962 fit,
939 890 1010 948 ut
1055 884 1140 948 sit
1185 883 1359 968 abiy
1395 913 1484 940 π
1521 884 1718 949 bactr.
1765 884 1922 949 aibi
1972 887 2101 949 sive
2148 885 2345 962 aiwi,
2390 885 2563 970 apiy
2600 915 2688 942 =
2725 883 2924 949 bactr.
2971 885 3129 968 aipi

347 1017 436 1042 =
473 1009 706 1054 sanscr.
762 991 912 1074 api,
964 992 1188 1074 yadiy
1223 1020 1311 1046 =
1347 990 1544 1056 bactr.
1599 991 1764 1076 yezi
1811 992 1943 1056 sive
1986 991 2215 1076 yedhi
2252 1021 2341 1048 =
2379 1011 2609 1056 sanscr.
2656 991 2857 1076 yadi,
2910 993 3129 1076 pariy

347 1123 436 1149 =
474 1093 670 1159 bactr.
709 1097 936 1180 pairi,
974 1099 1184 1181 patiy
1221 1128 1308 1154 ==
1345 1095 1542 1162 bactr.
1578 1099 1802 1182 paiti‚
1839 1097 1916 1162 cf.
1955 1096 2164 1182 Spieg.
2207 1097 2353 1174 140,
2394 1097 2495 1161 12.
2538 1097 2684 1174 155,
2726 1099 2824 1179 lg.
2898 1098 2997 1164 Ex
3032 1098 3127 1162 in-

348 1201 804 1284 scriptionibus
849 1204 1048 1286 igitur
1090 1205 1353 1288 persicis
1399 1203 1514 1269 hos
1561 1205 1864 1270 adnotavi
1911 1203 2283 1269 infinitivos:
2341 1204 2824 1288 thac-tanaiy
2871 1204 2951 1288 (V
2968 1204 3129 1270 thah

348 1337 438 1364 =
467 1306 668 1373 bactr.
707 1310 871 1391 carih
900 1339 988 1366 -=
1017 1331 1132 1376 scr.
1171 1311 1308 1398 cas)
1345 1311 1498 1376 Beh.
1537 1311 1588 1388 I,
1615 1311 1720 1389 53,
1758 1313 2191 1395 car-tanaiy
2220 1310 2301 1396 (v
2318 1311 2464 1398 kar)
2500 1310 2654 1376 Beh.
2682 1310 2731 1388 Ι,
2760 1312 2863 1376 94.
2902 1310 2983 1388 II,
3011 1311 3125 1389 333

350 1414 464 1489 383
509 1413 622 1491 39;
666 1416 782 1492 443
828 1415 944 1493 533
989 1416 1105 1492 583
1152 1418 1266 1495 673
1323 1416 1439 1494 ΙΙΙ,
1477 1419 1594 1496 363
1632 1418 1746 1494 433
1782 1419 1898 1496 443
1939 1419 2054 1494 593
2093 1419 2197 1494 64,
2235 1419 2338 1483 65.
2412 1418 2863 1502 kass-tanaiy
2902 1417 3125 1504 (Vkan

297 1513 310 1528 ⁸
347 1551 436 1577 =
463 1519 663 1586 bactr.
701 1522 830 1588 kan
858 1553 947 1580 =
974 1546 1089 1590 scr.
1129 1525 1332 1613 khan)
1369 1527 1428 1591 K
1465 1527 1572 1602 20,
1601 1526 1705 1590 21.
1758 1525 2328 1609 nipish-tanaiy
2365 1523 2445 1612 (V
2462 1525 3125 1609 pish-1-ni=bactr.

350 1635 418 1692 et
454 1649 686 1695 sanscr.
723 1629 898 1718 pish)
937 1631 994 1696 K
1025 1631 1128 1709 23,
1159 1633 1269 1696 24:
1307 1634 1496 1698 adam
1531 1632 1974 1718 niyashtayam
2011 1632 2203 1698 imam
2241 1631 2487 1716 dhipim
2523 1632 2972 1717 nipishtanaiy,
3008 1653 3126 1716 ego

349 1735 504 1799 iussi
540 1735 708 1802 hailo
741 1737 1218 1820 inscriptionem
1257 1739 1532 1805 inscribi.

527 1843 616 1908 At
657 1865 856 1926 paene
903 1845 1140 1912 oblitus
1185 1869 1340 1925 sum,
1386 1848 1536 1912 dum
1583 1845 1652 1910 in
1696 1846 1985 1911 locativis
2030 1866 2262 1922 versor,
2308 1865 2795 1910 commemorare
2840 1845 3127 1912 vedicum

348 1949 634 2013 dativum
689 1951 984 2016 davane
1039 1953 1311 2019 nominis
1364 1953 1631 2020 actionis
1679 1954 1948 2030 davan,
2006 1953 2185 2018 cuius
2230 1974 2357 2018 non
2402 1953 2564 2018 alius
2610 1958 2899 2036 superest
2945 1973 3125 2016 casus

349 2057 582 2140 quique
636 2055 935 2123 infinitivi
987 2059 1125 2125 loco
1181 2061 1240 2124 vi
1295 2067 1428 2126 tam
1482 2061 1692 2126 activa
1745 2081 1934 2144 quam
1988 2061 2239 2143 passiva
2292 2061 2580 2143 ponitur,
2633 2059 2709 2124 cf.
2758 2058 2876 2135 IV,
2914 2059 3019 2136 32,
3056 2059 3125 2122 9:

347 2161 504 2228 abhi
549 2168 656 2228 tva
699 2163 952 2248 gotamfa
1001 2167 1418 2250 giranushata
1452 2169 1573 2252 pra
1608 2168 1748 2232 dav
1761 2169 1852 2230 an
1865 2189 1926 2244 e,
1971 2173 2037 2232 te
2075 2166 2344 2232 laudant
2382 2165 2693 2232 Gotamae
2730 2166 3007 2230 carmine
3042 2165 3126 2230 ad

349 2269 646 2348 dandum,
690 2271 772 2348 11,
815 2273 914 2349 11,
957 2275 987 2337 1
1032 2281 1098 2338 et
1138 2275 1248 2339 12:
1295 2279 1512 2358 syama
1545 2281 1612 2339 te
1649 2274 1894 2339 davane
1930 2275 2255 2350 vasunam,
2302 2273 2495 2337 simus
2533 2273 2598 2352 ii,
2638 2274 2747 2356 qui
2781 2295 2821 2337 a
2856 2278 2921 2336 te
2957 2271 3125 2336 bona

347 2378 747 2460 accipiamus,
793 2381 1074 2462 proprie:
1123 2382 1317 2446 simus
1361 2381 1482 2446 tibi
1527 2382 1609 2446 ad
1657 2381 2092 2464 accipiendum
2136 2379 2320 2446 bona.
2375 2379 2452 2444 cf.
2500 2378 2549 2455 Ι,
2586 2380 2692 2455 61,
2735 2380 2833 2442 10.
2877 2379 3023 2455 122,
3063 2379 3121 2442 5.

354 2483 508 2560 134,
552 2485 616 2562 1,
655 2485 712 2550 2.
776 2485 927 2562 139,
965 2487 1023 2551 6.
1087 2486 1180 2564 ΙΙ,
1223 2489 1286 2564 1,
1329 2489 1427 2553 10.
1493 2487 1609 2565 IV,
1646 2488 1761 2564 29,
1798 2487 1858 2551 5.
1923 2487 2008 2565 V,
2045 2487 2161 2564 59,
2204 2488 2267 2564 1,
2303 2487 2364 2550 4.
2421 2485 2535 2562 65,
2572 2486 2632 2550 3.
2690 2484 2870 2562 VIII,
2912 2485 2977 2561 7,
3017 2486 3120 2551 27.

347 2591 464 2668 25,
501 2592 604 2657 20.
658 2591 773 2669 45,
818 2595 915 2657 10.
970 2593 1086 2672 46,
1124 2593 1228 2672 25,
1267 2595 1370 2659 27.
1427 2593 1541 2671 52,
1578 2593 1638 2659 5.
1694 2595 1809 2671 58,
1851 2594 1950 2659 17.
2008 2594 2115 2670 59,
2156 2595 2256 2658 12.
2302 2591 2419 2670 63,
2457 2593 2516 2657 5.
2574 2593 2678 2670 69,
2722 2591 2819 2657 17.
2880 2593 2981 2669 70,
3023 2593 3121 2657 12.

347 2698 467 2776 ΙΧ,
503 2700 608 2777 93,
645 2699 705 2765 4.
761 2700 848 2779 Χ,
885 2699 990 2779 32,
1027 2700 1086 2766 5.
1141 2702 1247 2780 44,
1289 2701 1372 2776 7.,
1402 2701 1507 2779 50,
1547 2702 1602 2767 7.
1696 2701 1780 2767 Μ.
1835 2701 2179 2767 Muellerus
2235 2699 2412 2781 RVS.
2466 2699 2527 2778 Ι,
2562 2721 2622 2783 p.
2664 2699 2748 2765 33
2788 2721 2919 2785 sqq.
2976 2721 3121 2766 con-

348 2808 556 2871 tendit
610 2808 900 2873 davane
948 2810 1288 2874 locativum
1335 2832 1471 2875 esse
1515 2831 1698 2893 posse
1744 2808 2125 2875 substantivi
2172 2810 2465 2873 davana
2502 2808 2585 2884 ΙΙ,
2628 2808 2728 2884 11,
2770 2808 2826 2885 1,
2867 2807 2966 2871 12.
3014 2806 3121 2885 VI,

349 2913 454 2989 72,
493 2914 560 2977 2:
615 2914 941 3000 devasya
995 2918 1260 2999 vayam
1313 2917 1623 2997 savituh
1678 2917 2047 2981 savimani
2094 2912 2451 2998 creshthe
2498 2920 2749 2999 syama
2796 2916 3121 2997 vasunac

347 3042 432 3084 ca
477 3021 798 3098 davane,
844 3044 987 3107 may
1032 3044 1126 3087 we
1169 3023 1252 3089 be
1297 3024 1366 3087 in
1411 3024 1521 3088 the
1567 3023 1788 3091 favour
1831 3023 1903 3088 of
1941 3022 2053 3087 the
2090 3022 2217 3105 god
2254 3021 2522 3099 Savitar‚
2566 3022 2692 3087 and
2730 3021 2797 3086 in
2832 3022 2943 3085 the
2977 3020 3122 3087 best

346 3128 561 3193 award
608 3127 678 3193 of
719 3129 818 3193 his
867 3135 1172 3207 treasure,
1219 3131 1328 3195 sed
1376 3153 1519 3196 cum
1565 3130 1706 3195 aliis
1743 3130 2066 3213 Rigvedae
2112 3129 2265 3195 locis
2301 3129 2557 3193 nomina
2592 3126 2858 3193 actionis
2895 3126 3121 3193 suffixo

347 3254 523 3299 vana
567 3234 840 3301 formata
885 3258 1010 3302 non
1056 3238 1476 3321 reperiantur,
1522 3257 1595 3301 eo
1643 3238 1781 3301 loco
1827 3258 2015 3321 quem
2058 3236 2246 3301 modo
2284 3235 2472 3300 attuli
2508 3257 2725 3301 vocem
2764 3236 3121 3317 creshthe

345 3342 432 3406 ad
478 3343 844 3413 saviniani
889 3343 1126 3409 referre
1173 3344 1410 3409 mavult
1446 3350 1638 3429 atque
1675 3343 1963 3427 plurimis
1999 3342 2155 3409 locis
2194 3343 2439 3408 davane
2475 3363 2592 3426 pro
2629 3342 2844 3407 dativo
2881 3341 3121 3406 haben-

346 3448 498 3513 dum
555 3470 689 3516 esse
746 3449 986 3537 dicit.*)
1061 3452 1218 3515 Cum
1275 3451 1487 3516 dativo
1545 3450 1834 3515 davane
1888 3448 2203 3534 Benfeyus
2248 3448 2315 3513 in
2360 3449 2619 3515 Oriente
2667 3454 2733 3514 et
2778 3448 3120 3512 Occidente

345 3556 680 3622 coniuncto
729 3556 774 3634 I,
813 3558 942 3623 606
981 3579 1115 3642 sqq.
1175 3557 1280 3643 (cf.
1330 3557 1412 3634 II,
1448 3553 1554 3622 97.
1601 3556 1686 3635 ΙΙ,
1729 3557 1884 3644 132)
1933 3563 2260 3640 comparat
2304 3576 2600 3639 graecum
2645 3554 2902 3634 δοῦναι,
2950 3554 3117 3638 quod

345 3684 425 3727 ex
479 3662 683 3729 forma
737 3664 1026 3730 doFevat
1071 3670 1290 3730 natum
1337 3686 1471 3729 esse
1519 3664 1691 3729 dicit.
1765 3664 1940 3730 Haec
1986 3685 2148 3750 quae
2194 3663 2379 3729 modo
2426 3662 2615 3726 attuli
2660 3660 3118 3727 Delbrueckius

342 3791 586 3834 mecum
635 3772 1136 3849 communicavit,
1183 3772 1292 3856 qui
1337 3777 1670 3855 praeterea
1701 3770 2044 3855 jasvane,
2089 3771 2258 3855 quod
2294 3770 2527 3853 legitur
2562 3768 2672 3845 VI,
2707 3768 2815 3846 44,
2855 3770 2957 3846 11,
3001 3770 3117 3834 du-

340 3876 512 3942 bitat
546 3899 629 3943 an
666 3878 790 3943 huc
826 3879 910 3943 sit
947 3879 1363 3944 referendum.

520 3984 638 4048 His
683 3985 884 4049 multa
919 3986 1258 4051 usitatiora
1293 3992 1441 4051 sunt
1479 3982 1878 4050 substantiva
1913 3991 2028 4049 aut
2065 3985 2131 4047 in
2168 3984 2219 4047 a·
2256 3989 2369 4048 aut
2406 3984 2473 4045 in
2506 3982 2534 4046 i
2569 3988 2681 4047 aut
2718 3983 2784 4045 in
2821 4006 2864 4047 a
2900 3988 3013 4047 aut
3050 3983 3116 4046 in

343 4092 386 4153 a
433 4091 808 4168 desinentia,
853 4113 1120 4175 quorum
1165 4094 1412 4157 dativos
1460 4089 1754 4156 infinitivi
1799 4112 2059 4155 munere
2104 4091 2278 4174 fungi
2328 4111 2405 4154 ex
2441 4091 2532 4155 eis
2571 4111 2731 4173 quae
2767 4112 3115 4174 proponam

339 4307 566 4389 sitaye
603 4305 653 4382 I,
687 4306 751 4381 4,
783 4307 848 4369 1:
894 4306 1519 4389 surfipakritnum
1565 4304 2333 4389 fitaye....juhumasi
2372 4303 2888 4388 dyavi-dyavi,
2932 4325 3115 4385 prae-

339 4412 520 4477 clara
571 4432 767 4495 opera
809 4410 1240 4495 perficientem
1286 4412 1600 4499 (Indram)
1647 4411 1938 4477 auxilio
1985 4432 2275 4476 vocamus
2320 4411 2554 4476 cotidie
2588 4440 2677 4467 =
2714 4408 2833 4475 SV.
2879 4409 2930 4487 Ι,
2974 4410 3115 4475 160.

337 4518 388 4595 Ι,
429 4520 488 4595 8,
547 4520 603 4595 1,
639 4520 698 4583 9.
755 4520 816 4597 9,
843 4520 914 4583 9.
971 4520 1075 4596 22,
1114 4520 1172 4585 5.
1223 4520 1326 4597 23,
1363 4520 1422 4583 3.
1471 4520 1576 4596 30,
1613 4520 1672 4595 6,
1713 4518 1768 4583 7.
1818 4518 1924 4595 35,
1967 4520 2021 4582 l.
2070 4518 2175 4595 36,
2217 4518 2315 4582 13.
2361 4515 2470 4594 45,
2505 4518 2565 4581 4.
2612 4517 2717 4595 48,
2765 4517 2862 4580 14.
2912 4516 3017 4593 56,
3052 4518 3112 4581 4.

340 4638 577 4645 -ὺ--οῌ--ῡ

518 4676 574 4747 *)
631 4681 686 4733 It
739 4679 786 4733 is
833 4678 1040 4744 better,
1097 4676 1279 4747 inquit
1325 4678 1646 4743 Muellerus,
1703 4675 1760 4730 in
1799 4676 1893 4744 VI,
1933 4676 2021 4742 71,
2059 4678 2111 4743 2,
2159 4683 2215 4731 to
2262 4676 2411 4731 refer
2456 4676 2780 4743 creshthe
2828 4681 2884 4729 to
2932 4675 3112 4731 savi-

335 4768 542 4833 mani,
589 4767 698 4822 and
746 4774 802 4821 to
851 4767 1014 4821 make
1063 4767 1362 4822 allowance
1411 4768 1468 4821 iu
1515 4768 1610 4821 the
1658 4768 1820 4820 other
1865 4782 2130 4835 passages
2169 4765 2253 4820 for
2290 4766 2385 4819 the
2424 4764 2709 4819 idiomatic
2750 4780 2846 4818 use
2884 4763 2945 4819 of
2976 4765 3113 4819 such

333 4860 569 4928 phrases
608 4874 668 4910 as
707 4858 920 4911 davene
960 4858 1220 4911 vasnnam
1258 4873 1322 4910 or
1358 4855 1529 4925 rayah
1566 4857 1792 4910 davaue.

473 4956 696 5004 wilhelm,
727 4957 780 4997 de
811 4955 1055 5007 infinitivo.
2651 4944 2684 4994 2
