3911 5522
1937 355 2364 458 &RQ-.-

764 554 849 618 ad
893 573 1140 630 noxam,
1183 571 1312 619 non
1357 551 1438 618 ad
1483 552 1753 638 plagam,
1797 573 1925 616 non
1970 554 2055 617 ad
2091 559 2376 630 mortem,
2420 573 2549 617 non
2584 551 2667 616 ad
2703 552 3028 630 ultionem,
3074 573 3200 618 non
3238 552 3539 637 impetra-

765 659 964 726 tionis
1005 679 1214 725 causa.

945 766 1252 851 eligere:
1289 765 1406 844 ΙΙΙ,
1443 767 1504 842 9,
1547 766 1578 830 1
1620 795 1708 822 ==
1744 764 1862 830 SV.
1901 765 1951 843 Ι,
1990 767 2103 830 62:
2140 765 2456 849 sakhayas
2494 769 2605 830 tva
2640 765 3071 846 vavrimahe
3109 766 3333 830 devam
3367 768 3537 831 mar-

765 875 910 938 tasa
943 875 1198 957 fitaye,
1243 875 1428 939 amici
1465 879 1530 936 te
1569 872 1856 955 eligimus
1893 873 2082 936 deum
2116 873 2435 949 mortaleS,
2479 878 2553 938 ιιι
2588 872 2792 956 prosis
2831 870 3091 959 (nobis),
3136 871 3211 936 cf.
3251 872 3300 949 I,
3336 872 3442 950 39,
3483 874 3539 938 7.

767 979 873 1057 52,
915 981 968 1044 1.
1019 979 1045 1066 Η
1095 1001 1150 1063 y.
1188 979 1295 1057 45,
1333 980 1401 1043 3:
1464 977 1716 1062 maibyo
1780 978 1954 1044 thwa
2009 979 2299 1060 caetrai
2360 979 2597 1064 (Spieg.
2655 979 2813 1062 legit
2868 984 3110 1060 caetra,
3164 1000 3289 1043 acc.
3346 979 3540 1068 plur.)

766 1087 1036 1152 verene
1074 1087 1296 1163 ahura,
1332 1085 1487 1150 mihi
1527 1091 1592 1149 te
1629 1087 2047 1150 institutionis
2084 1107 2275 1150 causa
2303 1085 2485 1167 eligo,
2521 1106 2559 1149 o
2589 1085 2826 1150 Ahura„
2860 1084 2885 1171 ΙΙ
2920 1085 2991 1150 Il.
3021 1088 3104 1164 Β,
3137 1086 3289 1150 127:
3328 1078 3542 1170 ἄνδρα

767 1189 1056 1258 ἕκαστον
1105 1187 1485 1276 ἑλοίμεθα
1532 1187 2045 1275 όίυοχοεύειν.
2121 1194 2205 1270 Π,
2248 1192 2400 1256 1713
2444 1191 2644 1256 πέντε
2696 1182 2755 1256 6⁰
2800 1183 2907 1276 ἄρ’
2950 1183 3280 1277 ἡγεμόνας
3316 1187 3541 1278 ποιή-

769 1317 989 1379 σατο,
1025 1312 1168 1375 τοῖς
1207 1297 1581 1378 ἐπεποίθει,
1621 1299 2055 1384 σημαίνειν.

949 1427 1268 1471 sumere:
1315 1405 1364 1483 Ι,
1405 1406 1508 1481 81,
1544 1406 1588 1469 4
1625 1433 1714 1460 -..-.=
1751 1403 1868 1468 SV.
1907 1405 1957 1482 Ι,
1994 1405 2153 1468 423:
2201 1405 2411 1488 criya
2458 1404 2672 1484 rishva
2708 1404 3036 1488 upakayor
3074 1405 3138 1468 ni
3174 1405 3333 1488 cipri
3370 1405 3542 1468 hari-

767 1517 889 1576 van
928 1513 1174 1576 dadhe
1209 1513 1576 1596 hastayor
1610 1511 1852 1594 vajram
1889 1513 2165 1594 ayasam,
2210 1512 2433 1576 salutis
2472 1533 2659 1576 causa
2696 1510 3000 1588 sublimis,
3042 1511 3319 1595 pulcher,
3364 1511 3540 1595 equis

767 1618 977 1683 badiis
1033 1620 1378 1684 instructus
1431 1620 1780 1685 coniunctis
1833 1619 2127 1683 manibus
2182 1619 2407 1684 sumsit
2460 1617 2700 1683 fuhnen
2754 1639 3046 1695 aeneum,
3102 1617 3177 1683 cf.
3226 1617 3302 1695 X,
3343 1618 3444 1695 18,
3480 1619 3541 1682 9.

771 1723 876 1802 85,
913 1726 1015 1790 36.
1047 1725 1073 1812 Η
1105 1747 1160 1809 y.
1203 1724 1307 1803 50,
1340 1726 1448 1791 17:
1485 1725 1806 1809 khshayac
1841 1727 2108 1790 mazdao
2145 1725 2347 1790 ahur&
2384 1725 2723 1808 ashahya
2758 1724 3079 1808 azhdyai
3118 1724 3541 1808 gerezdfim,

768 1837 998 1916 potens
1035 1831 1188 1921 (est)
1227 1833 1691 1909 Ahuramazda,
1727 1832 1812 1897 ad
1847 1832 2195 1915 puritatem
2226 1831 2694 1916 impetrandam
2731 1830 2933 1918 (eum)
2970 1831 3359 1915 prehendite.

947 1939 1302 2023 adipisci:
1357 1938 1405 2016 I,
1444 1940 1548 2016 24,
1586 1938 1655 2003 5:
1709 1940 1797 2004 ud
1851 1959 2105 2020 acema
2158 1941 2461 2004 tavavasa
2500 1940 2507 2022 Ι
2547 1937 2972 2017 murdhanam
3025 1941 3182 2022 raya
3227 1937 3539 2016 arabhe,

769 2046 1194 2129 adipiscamur
1229 2053 1340 2110 tuo
1377 2046 1612 2111 auxilio
1651 2050 1842 2128 caput
1877 2045 2244 2110 divitiarum
2280 2046 2363 2110 ad
2398 2046 2846 2128 incipiendum.

949 2154 1370 2230 celebrare,
1434 2153 1912 2236 praedicare,
1977 2153 2319 2217 laudare:
2382 2152 2441 2230 I,
2484 2153 2601 2230 44,
2645 2152 2716 2215 4:
2779 2153 2983 2216 devafi
3044 2151 3209 2216 acha
3270 2155 3539 2236 yatave

762 2260 1200 2344 jatavedasam
1246 2259 1460 2343 agnim
1503 2261 1608 2338 ile
1653 2259 2043 2342 vyushtishu,
2088 2265 2161 2323 ut
2206 2258 2357 2323 deos
2402 2260 2581 2324 adire
2626 2260 2879 2342 possim,
2925 2260 3275 2342 sapientem
3313 2258 3542 2341 Agnim

769 2367 1017 2432 celebro
1065 2365 1376 2431 diluculis
1449 2365 1623 2443 VIII,
1663 2367 1765 2442 86,
1809 2367 1884 2430 11
1927 2395 2017 2420 --
2053 2364 2172 2430 SV.
2211 2366 2293 2442 Π,
2332 2367 2489 2430 282:
2537 2369 2672 2430 sam
2716 2369 2805 2444 ‘im
2850 2365 3125 2430 rebhaso
3170 2385 3543 2430 asvarann

769 2473 1019 2552 indram
1075 2473 1364 2556 somasya
1414 2474 1703 2556 pitaye,
1757 2472 2130 2538 recitatores
2185 2474 2557 2557 praedicant
2602 2472 2889 2550 Indram,
2940 2477 3017 2536 ut
3062 2493 3299 2537 somam
3344 2471 3542 2536 bibat.

769 2580 819 2658 Ι,
856 2582 962 2658 22,
999 2581 1070 2645 6:
1117 2585 1306 2663 apam
1351 2581 1653 2662 napatam
1699 2580 1922 2644 avase
1961 2579 2300 2644 savitaram
2338 2581 2467 2664 upa
2502 2580 2737 2657 stuhi,
2784 2601 3091 2663 aquarum
3128 2578 3427 2655 subolem,
3454 2569 3545 2642 ’ut

769 2687 1135 2771 opituletur,
1180 2685 1480 2751 Savitrim
1515 2684 1725 2761 lauda,
1771 2683 1848 2750 cf.
1887 2684 1938 2764 Ι,
1976 2686 2081 2765 38,
2124 2685 2234 2765 13;
2280 2686 2388 2764 44,
2425 2687 2496 2763 4;
2546 2687 2649 2764 61,
2686 2687 2755 2763 33
2804 2686 2907 2763 81,
2950 2687 2981 2749 1
3024 2715 3112 2742 --
3150 2685 3269 2750 SV.
3307 2684 3357 2763 Ι,
3390 2684 3541 2748 411.

769 2794 845 2872 V,
888 2795 989 2872 14,
1027 2794 1086 2859 3.
1158 2794 1375 2858 Verba
1419 2813 1668 2877 quoque
1703 2793 1828 2859 huc
1862 2796 2187 2877 pertinent
2222 2816 2385 2878 quae
2422 2794 2721 2877 leguntur
2758 2794 2835 2871 X,
2874 2794 2978 2869 36,
3016 2794 3085 2857 5:
3134 2792 3545 2876 supraketam

763 2901 1020 2985 jivase
1066 2902 1356 2965 mannia
1399 2899 1766 2994 dbimahi,
1809 2898 1972 2965 bene
2018 2902 2385 2966 distinctum
2432 2922 2703 2978 carmen,
2747 2906 2821 2964 ut
2858 2902 3153 2977 vivamus,
3196 2899 3545 2983 pangimus,

771 3007 847 3071 cf.
887 3006 938 3083 Ι,
981 3006 1127 3083 110,
1168 3007 1234 3083 1;
1275 3007 1379 3082 61,
1416 3004 1474 3069 5.
1514 3005 1622 3083 IV,
1659 3004 1765 3084 56,
1803 3004 1844 3069 5
1881 3037 1971 3063 =
2008 3005 2126 3071 SV.
2166 3006 2248 3083 II,
2285 3008 2433 3071 946.
2466 3006 2491 3095 Η
2524 3030 2581 3090 y.
2620 3008 2725 3083 60,
2764 3007 2826 3083 4,
2863 3007 2933 3071 5:
2972 3006 3363 3071 dahmaheca
3395 3026 3543 3069 nars

769 3112 1049 3178 ashaono
1095 3112 1467 3177 dahmamca
1509 3112 1816 3177 vanuhim
1851 3112 2096 3177 afritim
2132 3113 2165 3177 f
2169 3114 2700 3197 raeshyamahi
2738 3120 3036 3179 afitareca
3072 3122 3209 3179 zam
3247 3119 3546 3177 antareca

770 3238 1096 3301 acmanem
1136 3220 1144 3304 Ι
1185 3219 1754 3303 hamictayaeca
1787 3220 2473 3303 nizhberetayaeca
2510 3220 2749 3285 ani-ahc
2785 3217 3129 3304 mainyeus,
3164 3221 3272 3303 pii,
3310 3221 3542 3303 integri

768 3326 890 3391 viri
944 3325 1141 3408 piam,
1195 3324 1429 3391 bonam
1483 3326 1986 3392 benedictionem
2032 3326 2360 3391 laudamus
2406 3333 2472 3391 et
2518 3328 2585 3391 in
2634 3336 2808 3392 terra
2854 3332 2917 3390 et
2966 3328 3029 3389 in
3076 3326 3275 3404 caelo,
3328 3331 3401 3391 ιιι
3445 3348 3545 3390 re-

774 3435 1102 3509 sistamuS,
1152 3438 1228 3496 ut
1281 3432 1659 3515 repellamus
1714 3432 2239 3516 Anramainyum3
2296 3432 2371 3497 cf.
2418 3456 2474 3516 y.
2514 3434 2619 3511 60,
2658 3434 2895 3509 6—14,
2938 3434 3037 3497 17.
3092 3456 3148 3517 y.
3192 3433 3292 3510 17,
3327 3432 3431 3497 45.
3487 3455 3545 3517 y.

771 3539 876 3615 67,
915 3539 1020 3617 24,
1057 3539 1160 3604 26.
1197 3561 1255 3623 y.
1296 3540 1399 3616 70,
1435 3538 1541 3616 54,
1583 3540 1683 3616 75,
1724 3540 1824 3604 78.
1862 3541 2010 3623 Vsp.
2051 3539 2155 3617 23,
2196 3540 2257 3617 8,
2293 3541 2355 3616 9,
2390 3542 2497 3604 10:
2536 3536 2989 3623 paitistatee
3029 3540 3547 3605 dusmatanamca

772 3645 1374 3711 duzhfikhtanamca
1439 3646 2044 3711 duzhvarstanamca
2102 3650 2109 3729 Ι
2169 3668 2255 3710 uz
2268 3667 2441 3711 vare
2454 3669 2486 3709 z
2500 3648 2569 3711 ai
2628 3646 2893 3729 mavoya
2946 3646 3548 3711 mithomatanamca

769 3750 1406 3818 mithaokhtanamca
1460 3753 2103 3818 mithovarstanamca
2142 3756 2149 3837 1
2192 3774 2447 3837 aparem
2503 3774 2765 3836 yacnem
2818 3756 3031 3834 curem
3077 3753 3548 3837 haptanhaitim

745 3907 785 3925 ..
808 3908 822 3923 .
845 3857 1343 3941 .yazamaide,
1379 3865 1453 3923 ut
1486 3863 1854 3926 resistamus
1890 3860 2056 3924 male
2094 3859 2405 3941 cogitatiS,
2442 3860 2605 3923 male
2644 3860 2847 3935 dictis,
2884 3861 3049 3924 male
3088 3860 3290 3936 factis,
3326 3860 3410 3924 ad
3440 3882 3547 3923 ex-

769 3966 1119 4049 piationem
1165 3987 1382 4030 eorum
1429 3988 1592 4051 quae
1636 3967 1796 4031 salso
1833 3967 1993 4030 mihi
2031 3972 2095 4030 et
2132 3968 2413 4049 cogitata
2449 3973 2512 4031 et
2550 3967 2723 4031 dicta
2759 3972 2824 4031 et
2860 3966 3029 4031 sacta
3065 3974 3229 4043 sunt,
3274 3968 3547 4049 posteri·—

771 4093 946 4136 orem
979 4094 1246 4155 yaqnam
1284 4080 1568 4139 sanctum
1604 4073 2079 4157 haptanhaitim
2100 4122 2115 4137 .
2135 4122 2149 4137 .
2171 4073 2695 4155 ..praedicamus
2748 4094 2805 4156 y.
2845 4074 2905 4149 9,
2936 4074 2992 4137 8.
3030 4095 3087 4155 y.
3119 4073 3223 4148 67,
3253 4074 3311 4149 8,
3340 4074 3415 4149 9‚·
3434 4073 3547 4137 10:

770 4180 1208 4262 yazamaide
1246 4179 1416 4244 thwa
1451 4180 1733 4244 ahuran&
1771 4178 2006 4266 (Spieg.
2046 4179 2163 4261 leg.
2202 4180 2501 4266 ahurani)
2540 4179 2824 4245 ahurahe
2846 4228 2895 4243 ..
2920 4228 2934 4243 .
2976 4182 2985 4263 Ι
3027 4178 3249 4261 cukai
3285 4183 3547 4243 manan-

773 4284 854 4349 1ιό
901 4286 1122 4367 cukffi
1169 4286 1448 4351 vacanhe
1497 4285 1722 4367 cukai
1767 4286 2204 4368 skyaothnahe
2246 4286 2255 4365 Ι
2294 4286 2679 4351 havanhai
2726 4288 2926 4351 urune
2964 4285 3357 4350 fradathai
3398 4284 3548 4367 gat}-

772 4391 1036 4457 thanam
1087 4392 1465 4457 havanhai
1520 4392 2035 4473 ashavactanam,
2089 4394 2527 4476 praedicamus
2581 4399 2673 4470 te,
2729 4417 2766 4459 o
2822 4392 2955 4457 filia
3000 4393 3282 4469 Aburae,
3338 4392 3421 4457 ad
3468 4391 3548 4455 il-

773 4498 1136 4563 lustrandas
1194 4500 1635 4582 cogitationes,
1699 4499 1783 4564 ad
1838 4499 2281 4564 illustrandam
2337 4502 2713 4576 orationem,
2767 4501 2849 4565 ad
2906 4498 3283 4565 illustranda
3336 4519 3549 4582 opera,

771 4606 855 4670 ad
901 4606 1451 4690 praeparationem
1497 4604 1719 4683 animi,
1763 4606 1848 4670 ad
1891 4605 2381 4690 prosperitatem
2425 4607 2823 4683 mundorum,
2868 4608 2949 4671 ad
2996 4606 3549 4690 praeparationem

775 4730 1094 4797 purorum.
2600 4766 2608 4773 ,

959 4818 1364 4896 honorare,
1409 4840 1709 4884 ornare:
1751 4818 1928 4913 VIII,
1965 4822 2073 4897 49,
2116 4822 2137 4883 ]
2188 4848 2276 4877 =
2316 4820 2433 4886 SV.
2473 4822 2555 4897 II,
2591 4822 2750 4885 902:
2796 4826 2837 4885 a
2874 4826 3045 4885 tvaim
3082 4820 3363 4885 anaktu
3400 4819 3551 4902 pra—

3318 5080 3359 5103 Ι
