3911 5522
2116 407 2203 471 90

770 609 992 692 legem,
1038 615 1112 671 ut
1145 612 1289 690 post
1326 605 1796 670 coniunctiones
1833 604 1989 681 ubi,
2038 611 2145 680 ut,
2180 611 2580 688 postquam
2614 603 2737 667 nisi
2774 603 3035 668 verbum
3072 602 3339 680 finitum,
3376 601 3545 686 quod

773 735 849 780 ex
929 715 1153 780 eadem
1224 713 1661 779 coniunctione
1734 717 1928 794 atque
2002 711 2350 776 infinitivus
2422 711 2761 776 historicus
2832 712 3096 795 pendet,
3167 711 3231 775 in
3304 712 3546 794 protasi

772 821 1176 906 subsequitur
1236 821 1358 886 hoc
1420 819 1664 884 dicendi
1734 840 1930 902 genus
1996 841 2121 883 non
2186 819 2541 894 admiserit,
2606 819 2681 883 cf.
2746 817 2805 882 h.
2854 816 2969 894 III,
3010 820 3122 883 10:
3187 819 3333 892 ubi,
3378 841 3545 894 cru-

773 931 817 993 d
826 949 1066 994 escere
1111 929 1336 992 seditio
1383 932 1440 991 et
1487 949 1531 990 a
1567 927 1864 992 conviciis
1902 947 1979 991 ac
2006 927 2269 1008 probris
2306 927 2396 990 ad
2433 927 2561 990 tela
2598 931 2657 990 et
2690 945 2923 989 manus
2958 925 3344 1002 transibant,
3390 927 3547 990 inici

771 1041 1030 1100 catenas
1081 1035 1417 1100 Flaviano
1471 1033 1657 1098 iubet.
1751 1056 1808 1097 a.
1849 1034 1932 1110 ΙΙ,
1968 1035 2028 1098 4.
2096 1033 2205 1110 XI,
2244 1033 2345 1096 37.
2384 1017 2557 1109 XII,
2594 1032 2697 1096 51.
2762 1032 2879 1107 III,
2918 1031 3003 1096 26
3061 1030 3544 1119 (postquam).

770 1143 831 1208 h.
869 1143 984 1219 III,
1022 1143 1100 1206 31
1147 1141 1302 1228 (ut).
1379 1141 1471 1206 Cf.
1511 1141 1745 1206 Heraei
1781 1143 1994 1207 adnot.
2032 1141 2117 1206 ad
2152 1141 2297 1205 Tac.
2336 1139 2395 1203 h.
2435 1139 2553 1216 111,
2594 1140 2693 1203 10.

949 1249 1085 1314 Hac
1129 1249 1336 1313 altera
1379 1249 1768 1330 quaestionis
1813 1255 1997 1331 parte
2033 1247 2345 1324 absoluta,
2391 1269 2519 1330 qua
2556 1247 3085 1331 quemadmodum
3112 1243 3417 1318 ‚infinitivi
3452 1249 3547 1311 vis

771 1357 1041 1422 saeculis
1081 1355 1562 1422 decurrentibus
1599 1355 1904 1420 hebetata
1941 1362 2105 1420 esset
2143 1355 2578 1420 demonstrare
2614 1354 2849 1430 studui,
2886 1353 3093 1418 facere
3130 1373 3257 1418 non
3292 1375 3547 1437 possum

771 1466 923 1546 quin
961 1463 1041 1529 de
1079 1461 1390 1526 infinitivo
1413 1463 1536 1544 -qui
1575 1462 2011 1545 imperativi
2050 1468 2265 1545 partes
2302 1461 2438 1544 agit
2474 1483 2677 1544 pauca
2712 1460 2935 1526 dicam.
3010 1459 3213 1538 Quam
3248 1460 3547 1544 loquendi

774 1552 1293 1634 consuetudinem
1357 1570 1675 1652 propriam
1742 1567 1934 1634 fuisse
1989 1569 2113 1632 iam
2172 1569 2343 1632 illius
2399 1568 2615 1650 stirpis
2670 1569 2944 1643 arianae,
3006 1589 3048 1631 a
3099 1567 3225 1651 qua
3276 1569 3547 1632 maiores

773 1677 976 1741 nostri
1022 1675 1295 1751 oriundi,
1342 1682 1414 1740 ut
1451 1675 1606 1739 Asia
1651 1675 1871 1740 relicta
1919 1675 1987 1738 in
2022 1675 2279 1758 Europa
2320 1695 2513 1738 novas
2550 1674 2733 1738 sedes
2770 1673 3171 1750 collocarent,
3216 1673 3366 1737 olim
3399 1695 3547 1756 pro-

770 1783 922 1848 fecti
968 1786 1134 1858 sunt,
1184 1782 1248 1846 id
1297 1783 1442 1847 inde
1479 1785 1844 1847 coniectura
1879 1781 2233 1846 certissima
2268 1773 2479 1863 colligi
2517 1785 2743 1863 potest,
2790 1781 2962 1864 quod
2999 1779 3159 1856 Indi,
3204 1779 3547 1857 Bactriani,

773 1889 1020 1965 Graeci,
1065 1889 1351 1965 Romani,
1401 1889 1703 1954 Germani.
1752 1889 1818 1953 in
1862 1888 1984 1952 hoc
2029 1885 2323 1953 infinitivi
2362 1909 2483 1951 usu
2520 1887 2749 1951 mirum
2786 1891 3093 1969 quantum
3130 1881 3547 1952 consentiunt.

771 1995 910 2060 Iam
956 1996 1008 2060 si
1048 1997 1330 2079 singulas
1366 1995 1821 2060 infinitivorum
1857 2001 1922 2059 et
1959 1995 2471 2077 imperativorum
2508 1995 2743 2059 formas
2782 1996 2950 2058 inter
2984 2015 3053 2058 se
3088 1993 3547 2076 comparaveri-
3624 2011 3627 2014 ’

773 2123 930 2197 mus,
977 2109 1215 2186 quanto
1255 2102 1736 2168 necessitudinis
1775 2102 2023 2167 vinculo
2059 2102 2441 2184 iungantur,-
2466 2101 2685 2190 statim
2723 2100 3075 2184 apparebit.
3150 2099 3241 2164 Ut
3278 2099 3445 2165 enim
3481 2099 3549 2164 in

771 2231 998 2292 graeca
1052 2211 1272 2294 lingua
1323 2208 1669 2273 infinitivus
1725 2209 1944 2274 aoristi
2000 2209 2189 2292 primi
2234 2207 2423 2272 activi
2472 2208 2580 2290 qui
2630 2207 2864 2272 dicitur
2904 2195 3281 2290 imperativo
3326 2207 3547 2271 aoristi

769 2315 956 2399 primi
1021 2317 1210 2382 medii
1277 2317 1644 2400 respondet,
1697 2317 1800 2380 sic
1862 2315 1928 2380 iu
1993 2315 2195 2379 latina
2256 2313 2551 2379 infinitivi
2616 2314 2965 2397 praesentis
3028 2315 3220 2378 activi
3283 2312 3546 2378 eandem

725 2441 730 2444 ·
772 2420 1036 2487 formam
1082 2429 1275 2506 atque
1325 2424 1677 2507 imperativi
1723 2424 1957 2505 passivi
1993 2421 2248 2486 habent.
2322 2421 2407 2486 Et
2446 2423 2516 2485 in'
2548 2423 2867 2504 Rigvedae
2906 2421 3161 2505 quidem
3196 2419 3464 2503 hymnis,
3508 2439 3549 2482 a

771 2529 1002 2612 quibus
1049 2531 1240 2596 etiam
1287 2530 1444 2596 haec
1490 2530 1776 2614 quaestio
1821 2529 2133 2613 proficisci
2182 2528 2389 2606 debet,
2436 2528 2584 2593 talis
2621 2526 2917 2592 infinitivi
2954 2548 3105 2592 usus
3140 2532 3205 2592 et
3242 2529 3305 2591 in
3343 2525 3543 2590 dati-

770 2658 901 2701 vos
957 2635 1182 2702 suffixo
1236 2637 1422 2702 -adh
1433 2637 1554 2720 yai
1609 2637 1942 2713 formatos,
2008 2636 2238 2720 quibus
2292 2637 2356 2700 in
2416 2635 2771 2700 Gatharum
2825 2634 3125 2710 dialectO,
3188 2633 3545 2717 antiquiore

771 2743 1047 2809 Avestae
1083 2749 1286 2829 parte,
1326 2743 1623 2809 infinitivi
1662 2745 1728 2809 in
1764 2743 1978 2827 -dyai
2011 2743 2370 2809 desinentes
2396 2743 2801 2826 respondent,
2838 2747 2903 2805 et
2928 2741 2995 2806 in
3030 2740 3401 2806 Iocativos
3438 2740 3545 2824 qui

773 2852 838 2915 in
893 2854 1097 2915 -sani
1153 2859 1382 2916 exeunt
1437 2850 1640 2925 cadit,
1696 2853 1760 2914 in
1806 2850 2068 2915 Homeri
2118 2849 2527 2925 carminibus,
2580 2848 2691 2912 ubi
2736 2850 3074 2931 largiorem
3121 2848 3547 2931 exemplorum

771 2958 1018 3041 copiam
1066 2959 1430 3033 invenimus,
1480 2957 1773 3023 infinitivi
1819 2962 1934 3021 aut
1979 2958 2045 3021 in
2092 2962 2319 3021 -σθαι
2366 2964 2479 3020 aut
2522 2956 2588 3019 in
2634 2978 2752 3020 ειν
2798 2953 2964 3019 finiti
3012 2956 3105 3019 ita
3136 2960 3543 3038 usurpantur.

772 3064 952 3141 Quod
1001 3064 1056 3129 si
1103 3064 1487 3147 quaerimus,
1542 3086 1654 3129 cur
1703 3066 1768 3127 in
1813 3070 1997 3129 tanta
2042 3066 2359 3127 variorum
2406 3061 2858 3128 infinitivorum
2902 3061 3197 3126 ubertate
3242 3062 3301 3125 ei
3348 3061 3545 3144 potis·

770 3172 998 3234 simum
1043 3168 1357 3245 infinitivi,
1405 3172 1510 3253 qui
1557 3177 1670 3234 aut
1715 3171 1911 3235 dativi
1960 3175 2073 3235 aut
2107 3170 2362 3235 locativi
2400 3172 2583 3253 signa
2618 3191 2769 3253 prae
2806 3190 2875 3233 se
2910 3168 3141 3243 ferunt,
3188 3168 3542 3251 imperativi

771 3276 909 3340 loco
957 3280 1296 3359 ponantur,
1343 3274 1528 3340 huius
1575 3276 1666 3341 rei
1715 3298 1969 3341 causam
2017 3298 2093 3340 ex
2140 3276 2463 3360 primitiva
2507 3276 2837 3357 utriusque
2875 3294 3055 3338 casus
3093 3275 3153 3337 vi
3190 3294 3267 3338 ac
3300 3281 3547 3351 natura,

771 3402 960 3465 quam
997 3402 1138 3465 pag.
1178 3382 1282 3459 33,
1311 3382 1396 3446 58
1436 3383 1917 3459 enucleavimus,
1953 3385 2365 3466 repetendam
2405 3386 2541 3447 esse
2578 3380 2887 3467 cense0.*)
2945 3380 3065 3444 Illa
3100 3381 3266 3445 enim
3302 3386 3545 3445 motus

773 3488 1089 3573 finisque
1126 3488 1522 3573 significatio,
1560 3490 1662 3553 cui
1703 3488 1994 3554 infinitivi
2034 3491 2339 3573 originem
2380 3488 2633 3564 debent,
2672 3488 2891 3552 eadem
2927 3485 3273 3552 infinitivos
3308 3488 3389 3551 ad
3430 3488 3546 3555 im-

771 3596 1040 3678 perativi
1078 3601 1292 3680 partes
1329 3596 1760 3678 suscipiendas
1797 3600 1981 3679 aptos
2018 3595 2314 3661 reddidit.
2371 3595 2615 3678 Itaque,
2649 3599 2726 3658 ut
2762 3594 3047 3676 exemplo
3086 3593 3240 3677 quid
3279 3594 3548 3659 sentiam

771 3703 1216 3777 demonstrem,
1266 3702 1376 3767 illo
1412 3702 1635 3767 Iliadis
1671 3703 1808 3767 loco
1849 3702 1959 3785 (Ο,
1997 3701 2177 3787 347),
2224 3724 2347 3785 quo
2384 3701 2625 3766 Hector
2664 3700 2965 3765 victoriae
3004 3721 3113 3782 spe
3150 3700 3355 3763 elatus
3390 3698 3547 3765 Tro-

772 3808 949 3872 ianos
1011 3808 1360 3873 adhortans
1425 3809 1775 3886 inducitur,
1839 3810 1894 3873 si
1947 3807 2145 3873 verba
2198 3806 2428 3889 quibus
2483 3808 2688 3870 utitur
2742 3806 2997 3892 ,νηυσὶν
3054 3801 3547 3871 ἐπισσεύεσθαί

771 3914 982 3997 patrio
1019 3936 1306 3980 sermone
1345 3917 1435 3979 sic
1471 3914 1820 3979 reddimus:
1859 3936 2049 4001 ‘zum
2080 3914 2329 3978 Sturm
2367 3912 2484 3977 auf
2514 3913 2618 3977 die
2648 3911 2943 3988 Schiffel’,
2981 3912 3232 3976 dativus
3268 3933 3382 3976 suo
3410 3912 3546 3976 loco

773 4020 1033 4103 ponitur
1077 4042 1284 4103 neque
1317 4021 1520 4085 ullum
1555 4022 1836 4096 verbum,
1881 4026 1952 4083 ut
1990 4020 2309 4084 sententia
2347 4020 2769 4103 intellegatur,
2816 4025 3027 4083 mente
3066 4024 3129 4083 et
3152 4019 3547 4101 cogitatione

773 4126 1065 4211 supplere
1113 4148 1270 4211 opus
1316 4128 1454 4191 erit.
1531 4128 1836 4192 Similiter
1883 4133 2073 4209 poeta
2117 4131 2371 4191 nostrae
2416 4127 2647 4190 aetatis
2692 4126 2757 4189 in
2797 4126 3073 4191 carmine
3111 4125 3221 4190 illo
3260 4126 3548 4209 pulcher-

771 4232 932 4299 rimo
969 4232 1140 4317 quod
1176 4234 1298 4321 ‘die
1329 4234 1380 4299 F
1382 4234 1546 4301 ahne
1585 4236 1696 4298 der
1727 4232 2321 4315 Einundsechziger’
2360 4232 2727 4298 inscribitur
2762 4232 2922 4297 haec
2957 4232 3142 4296 dicit:
3180 4230 3545 4317 ⁴Vorwiirts!

773 4448 966 4511 (cum),
1025 4446 1118 4511 lv,
1156 4448 1242 4510 51,
1283 4446 1316 4499 4
1372 4445 1442 4499 de
1499 4460 1566 4499 ea
1619 4462 1682 4499 re
1730 4444 2000 4514 exposuit.
2075 4445 2240 4513 Apud
2286 4443 2605 4499 Sallustium
2654 4460 2799 4497 cum
2843 4450 3065 4497 tamen
3108 4460 3231 4497 cum
3278 4442 3374 4497 inf.
3420 4443 3545 4497 hist.

773 4532 1125 4589 coniunctum
1175 4540 1260 4588 est
1307 4533 1359 4587 b.
1399 4534 1440 4587 Ι.
1480 4534 1566 4599 98,
1606 4536 1666 4599 23
1715 4534 1861 4603 apud
1899 4532 2156 4587 Tacitum
2195 4549 2242 4586 a.
2284 4534 2353 4597 II,
2393 4534 2477 4587 40.
2528 4534 2621 4597 VI,
2660 4532 2729 4585 44
2777 4532 3215 4586 coniunctionem
3264 4548 3407 4585 cum
3452 4532 3545 4586 inf.

773 4620 1068 4677 historicus
1106 4621 1370 4691 sequitur.

950 4710 998 4777 ¹⁸¹)
1035 4711 1298 4765 Conferas
1337 4726 1404 4765 ea
1441 4726 1584 4780 quae
1624 4712 1692 4765 de
1731 4712 1836 4765 hoc
1873 4710 2067 4765 vedico
2103 4726 2207 4765 usu
2246 4710 2653 4765 Delbrueckius
2690 4710 2747 4764 in
2786 4708 2973 4764 Kuhni
3010 4708 3217 4763 annall.
3256 4708 3460 4774 XVIII,
3497 4710 3547 4771 2,

775 4814 897 4865 pag.
933 4800 1034 4853 103
1075 4806 1131 4853 et
1169 4800 1291 4863 XX,
1323 4802 1372 4862 3,
1412 4816 1537 4869 pag.
1571 4800 1676 4854 234
1712 4806 1876 4853 acute
1914 4806 2221 4869 arguteque
2250 4798 2530 4867 exposuit3
2570 4798 2695 4852 vide
2726 4798 2893 4853 etiam
2922 4798 2985 4852 L.
3016 4796 3231 4867 Meyeri
3260 4803 3544 4851 comment.

776 4885 844 4939 de
883 4884 1158 4939 infinitivo
1195 4887 1474 4941 homerico
1511 4904 1634 4956 pag.
1675 4888 1761 4943 24.
