3911 5522
1451 1564 1971 1669 ‚Index.

1813 1990 1907 2043 inf.
1951 2006 2017 2042 ex
2059 1987 2429 2042 adiectivis
2469 1995 2644 2057 aptuS.
2686 2005 2737 2056 p.
2778 1989 3007 2042 83-85

1813 2078 1908 2132 inf.
1979 2095 2098 2131 eum
2157 2077 2435 2130 radicibus
2495 2093 2559 2128 as
2616 2084 2671 2129 et
2728 2077 2831 2128 blei«
2891 2077 3029 2129 coni.
3092 2095 3125 2144 p

377 1994 572 2044 Aecus.
624 2007 667 2043 c.
718 1988 814 2042 inf.
863 1989 917 2043 in
965 1989 1214 2058 Bigveda
1261 1996 1318 2042 et
1355 1990 1704 2043 Zendavesta

447 2097 551 2132 non
593 2085 799 2132 extant.
841 2097 892 2147 p.
933 2080 1002 2133 (34
1039 2097 1157 2147 sqq.

375 2185 488 2223 acc.
530 2187 574 2222 c.
615 2168 710 2222 inf.
760 2168 815 2220 in
865 2167 1052 2236 lingua
1098 2184 1301 2221 sauscr.
1351 2173 1552 2234 poster.
1593 2175 1701 2220 aet.
1755 2172 1761 2299 Ι
1884 2167 2112 2220 33-34,

447 2257 692 2312 nonnulli
732 2257 1082 2325 reperiuntur
1119 2275 1170 2325 p.
1211 2257 1294 2314 65.
1335 2259 1418 2310 (36.
1814 2255 1910 2308 inf.
1949 2255 2216 2309 finaleS.
2256 2273 2308 2322 p.
2349 2257 2416 2307 39
2453 2255 2574 2306 -50.
3017 2321 3024 2327 ἰ

378 2349 622 2400 amarier
659 2363 764 2414 quo
803 2347 960 2398 modo
999 2345 1070 2398 sit
1107 2353 1300 2398 ortum.
1341 2363 1391 2413 p.
1436 2349 1516 2398 13.
1756 2308 1761 2419 ι
1815 2345 1908 2397 inf.
1958 2345 2107 2397 final.
2157 2362 2275 2397 cum
2326 2343 2524 2396 adioct.
2576 2349 2631 2394 ot
2678 2342 2847 2394 subst.
2899 2341 3038 2394 coni.
3093 2360 3143 2410 p.

375 2436 640 2490 articulus
681 2441 736 2489 et
773 2451 1024 2503 praepos.
1063 2433 1333 2486 infinitivo
1371 2435 1495 2487 add.
1535 2452 1587 2502 p.
1619 2439 1702 2488 88.
1885 2435 2111 2488 50-53.

377 2523 724 2578 attractionis
780 2539 950 2591 genus
997 2521 1052 2576 in
1102 2523 1349 2590 Rigveda
1398 2531 1454 2576 et
1501 2526 1706 2577 Avesta
1815 2523 1912 2576 inf.
1955 2521 2346 2575 historicus».
2389 2539 2439 2588 p.
2480 2523 2705 2574 89—90.

447 2633 499 2684 p.
539 2615 624 2678 95,
663 2615 747 2667 96.
1815 2611 1908 2664 inf.
1971 2628 2067 2678 pro
2126 2610 2531 2678 imperativo
2590 2625 2773 2677 usurp.
2824 2625 2874 2676 p.
2914 2611 3141 2662 90—92.

377 2702 594 2756 dativus
633 2701 769 2754 coni.
802 2717 922 2754 cum
954 2701 1134 2754 verbis
1165 2701 1349 2754 eundi.
1391 2719 1442 2770 p.
1476 2701 1701 2754 25—28.
1814 2699 1908 2752 inf.
1949 2699 2171 2753 latini.
2214 2717 2263 2768 p.
2308 2701 2388 2763 12,
2432 2701 2513 2751 13.

449 2810 499 2861 p.
541 2793 767 2847 61—63.
1814 2789 1908 2842 inf.
1985 2790 2078 2857 qui
2143 2788 2431 2842 locativi
2498 2788 2728 2840 formam
2796 2788 3015 2841 habent.
3092 2806 3142 2855 p.

377 2881 489 2933 dat.
531 2880 667 2933 coni.
710 2897 832 2933 cum
871 2881 1052 2934 verbis
1087 2880 1353 2933 movendi.
1398 2898 1446 2947 p.
1478 2882 1702 2933 28—33.
1889 2881 1971 2943 113,
2011 2880 2097 2931 35.
2136 2896 2187 2946 p.
2228 2880 2455 2931 58-61.

451 2970 504 3023 in
552 2970 804 3037 Bigveda
860 2988 980 3023 cum
1040 2970 1221 3023 verbis
1281 2968 1533 3021 movendi
1579 2984 1706 3035 pars
1815 2966 1909 3019 inf.
1970 2966 2253 3019 locativi
2308 2966 2395 3019 vel
2445 2965 2662 3019 dativi
2711 2965 2888 3017 locum
2938 2971 3141 3018 tenent.

451 3058 544 3112 inf.
585 3060 640 3111 in
679 3064 794 3111 tum
835 3066 888 3111 et
929 3076 1018 3111 am
1058 3065 1141 3111 est
1180 3058 1367 3110 iuncta
1405 3075 1455 3124 p.
1497 3059 1581 3116 63,
1621 3058 1703 3110 64.
1887 3075 1937 3124 p.
1978 3058 2205 3109 82—83.

377 3148 488 3201 dat.
537 3149 706 3201 subst.
756 3148 812 3199 in
863 3164 927 3199 as
973 3146 1062 3199 fin.
1115 3147 1167 3199 in
1221 3162 1313 3197 ase
1351 3145 1437 3197 vel
1479 3144 1570 3197 (ise
1608 3161 1706 3212 pro
1815 3145 1908 3197 inf.
1986 3144 2189 3213 persici
2262 3160 2446 3197 omnes
2522 3159 2643 3195 eum
2718 3158 2896 3196 accus.
2974 3144 3142 3197 subst.

450 3235 546 3288 inf.
587 3254 637 3304 p.
679 3239 762 3290 10.
1757 3239 1762 3332 Ι
1886 3234 2077 3287 iuncti.
2118 3252 2168 3301 p.
2210 3235 2293 3286 94.

376 3325 487 3379 (lat.
537 3326 704 3379 subst.
755 3326 810 3377 in
859 3327 952 3392 -ti,
1003 3326 1072 3393 -i,
1123 3342 1204 3392 -α,
1253 3323 1313 3375 -ἁ
1363 3339 1460 3390 pro
1509 3323 1602 3375 inf.
1654 3340 1703 3391 p.
1817 3324 1909 3375 inf.
1971 3340 2093 3375 eum
2150 3322 2360 3390 supinis
2409 3320 2465 3373 in
2515 3326 2571 3373 tu
2622 3320 2738 3371 sive
2785 3334 2852 3370 su
2902 3318 3038 3370 coni.
3090 3336 3140 3387 p.

453 3414 674 3466 17--20.
1863 3401 2114 3466 ’5:-3—55.

377 3502 486 3555 dat.
530 3500 752 3554 vedicus
791 3501 1009 3555 ἀὰυάηε
1046 3520 1097 3569 p.
1141 3503 1222 3555 17.
1814 3501 1907 3554 inf.
1950 3502 2147 3554 suffixo
2186 3500 2341 3553 form.
2384 3516 2476 3550 cm..
2518 3515 2568 3565 p.
2618 3498 2693 3548 15.

377 3607 487 3643 esse
528 3590 598 3644 ad
637 3590 734 3643 inf.
773 3590 1009 3644 additur.
1061 3608 1111 3659 p.
1151 3593 1236 3644 39.
1313 3608 1434 3643 cum
1473 3592 1704 3645 dativo
1755 3573 1760 3700 1
1813 3590 1906 3642 inf.
1950 3591 2121 3643 bactr.
2164 3590 2315 3643 form.
2356 3588 2473 3640 suff.
2518 3586 2645 3637 αἱιΙι.
2688 3602 2738 3651 p.
2782 3586 2861 3636 11.

446 3680 698 3748 gerundii
739 3686 794 3733 et
831 3680 1118 3747 gerundivi
1158 3679 1295 3732 coni.
1337 3698 1389 3748 p.
1429 3684 1514 3733 38.
1755 3703 1760 3758 5
1812 3679 1907 3732 inf.
1966 3694 2169 3731 sanscr.
2218 3678 2373 3729 form.
2422 3675 2542 3727 suff.
2594 3674 2768 3739 aleym·
2812 3679 2867 3724 et
2916 3671 3141 3740 atlhym'.

375 3768 564 3833 faeere
610 3768 664 3821 in
715 3768 902 3835 lingua
948 3786 1127 3837 graec.
1179 3777 1234 3822 et
1283 3769 1376 3821 lat.
1437 3787 1558 3823 cum
1608 3770 1702 3823 inf.
1884 3786 1935 3835 p.
1978 3770 2062 3819 21.

451 3857 586 3909 coni.
627 3875 678 3925 p.
719 3859 802 3911 35.
1814 3854 1908 3907 inf.
1951 3856 2122 3908 bactr.
2162 3853 2315 3907 form.
2356 3852 2477 3905 suff.
2518 3850 2700 3918 clhyzi-i.
2744 3868 2793 3919 p.
2833 3854 2917 3904 22.

449 3944 504 3997 in
553 3945 740 4013 lingua
786 3946 969 4015 gotica
1018 3964 1138 3999 cum
1191 3962 1303 3999 acc.
1345 3964 1389 3999 c.
1430 3946 1524 3999 inf.
1566 3948 1702 3999 coni.
1757 3929 1761 4020 Α
1815 3944 1909 3996 inf.
1951 3944 2135 4011 graeci
2174 3943 2329 3996 form.
2370 3942 2491 3995 suff.
2529 3938 2745 4007 μεῖναι.
2787 3957 2837 4007 p.
2883 3940 2963 3993 14.

449 4048 500 4100 p.
541 4035 626 4087 36.
1757 4041 1761 4056 ¹
1815 4032 1909 4085 inf.
1950 4032 2135 4100 graeci
2176 4032 2329 4084 form.
2369 4030 2489 4084 suff.
2528 4048 2665 4096 μεν.
2708 4047 2756 4098 p.
2803 4030 2882 4083 15.

377 4119 472 4173 inf.
549 4122 814 4188 ablativi,
890 4124 1086 4189 dativi,
1162 4124 1404 4193 genetivi
1475 4125 1702 4176 formam
1757 4069 1762 4188 i
1815 4122 1909 4174 inf.
1951 4138 2153 4174 sanscr.
2195 4121 2349 4173 form.
2390 4120 2509 4173 suff.
2549 4120 2692 4171 sani.
2736 4137 2784 4186 p.
2826 4120 2910 4171 134.

451 4209 632 4264 habet.
712 4230 760 4279 p.
803 4214 958 4267 8—9.
1757 4193 1762 4274 i
1814 4210 1908 4263 inf.
1949 4210 2135 4277 graeci
2178 4208 2327 4261 form.
2360 4210 2479 4261 suff.
2520 4212 2702 4261 σθαι.
2746 4226 2795 4276 p.
2835 4212 2919 4261 ⁴212.

378 4298 473 4351 inf.
551 4302 932 4355 accusativi
1011 4302 1186 4356 lovum
1265 4308 1431 4355 tenet.
1526 4318 1577 4369 p.
1620 4304 1703 4360 61,
1757 4279 1762 4398 ἱ
1816 4300 1910 4352 inf.
1962 4300 2144 4351 Oscor.
2196 4307 2251 4351 et
2302 4298 2483 4351 Umbr.
2541 4298 2693 4350 form.
2744 4297 2861 4349 suff.
2912 4312 3037 4347 -um
3088 4301 3143 4348 et

450 4390 676 4443 66—-80.
1757 4407 1761 4474 1
1886 4408 2014 4443 -οηι,
2056 4406 2106 4457 p.
2146 4392 2194 4440 8.

379 4476 473 4529 inf.
515 4480 816 4545 genetivi
857 4480 1032 4533 locum
1074 4486 1225 4533 tenet
1264 4498 1316 4548 p.
1355 4484 1580 4533 86—88.
1757 4481 1761 4551 j

378 4566 474 4619 inf.
515 4567 916 4621 nominativi
955 4570 1130 4621 locum
1172 4576 1324 4621 tenet
1364 4587 1412 4637 p.
1447 4572 1538 4622 80.
1759 4615 1762 4664 ι
1816 4569 1911 4622 inf.
1953 4584 2155 4620 sanser.
2198 4566 2351 4618 form.
2392 4565 2511 4617 suff.
2554 4569 2690 4615 ture.
2732 4582 2782 4631 p.
2824 4566 2873 4616 ἴ).

379 4658 474 4710 inf.
518 4658 696 4711 vedici
735 4659 990 4712 obiecti
1031 4659 1206 4711 locum
1248 4666 1436 4712 tenent
1475 4677 1524 4726 p.
1567 4658 1649 4711 64.
1817 4658 1911 4712 inf.
1951 4675 2153 4711 sanscr.
2198 4658 2348 4709 surm.
2390 4656 2508 4707 suff.
2550 4654 2721 4705 taz-ai.
2764 4672 2813 4722 p.
2853 4656 2901 4708 6.

380 4746 476 4799 inf.
533 4763 763 4811 sanson,
831 4748 1029 4811 baetin,
1099 4765 1239 4816 pers,
1297 4766 1415 4801 eum
1474 4748 1706 4799 obieetis
1759 4737 1763 4788 Ι
1817 4748 1910 4800 ins.
1953 4763 2157 4799 sanser.
2200 4746 2351 4796 form.
2394 4744 2513 4796 suff.
2554 4748 2648 4794 tos.
2691 4760 2740 4809 p.
2782 4747 2829 4799 6.
2871 4744 2917 4796 7.

453 4836 589 4889 coni.
629 4855 681 4906 p.
722 4838 947 4891 36—38.
991 4854 1040 4903 p.
1081 4838 1304 4889 92--95.
1759 4804 1764 4848 Ι
1817 4834 2073 4889 infinitivi
2111 4835 2191 4885 vis
2224 4842 2420 4900 [mter.
2454 4838 2559 4885 aot..
2592 4838 2803 4884 mutata
2834 4838 2931 4883 est.
2973 4848 3023 4900 p.
3056 4836 3139 4886 88.

1815 4481 1909 4533 inf.
1951 4496 2092 4547 pers,
2132 4478 2285 4529 form.
2327 4476 2445 4528 suff.
2489 4475 2705 4542 tancu‘y.
2742 4492 2794 4541 p.
2840 4476 2918 4528 16.
