3911 5522
239 1089 274 1112 Ο

1745 359 1830 422 69

398 557 527 633 icit,
575 555 650 621 cf.
688 555 821 621 Ioh.
868 557 966 632 10,
1003 555 1116 620 353
1161 555 1226 618 ni
1273 554 1478 620 maht
1527 557 1606 619 ist
1654 555 2007 637 gatairan
2054 561 2210 638 pata
2246 556 2577 638 gamelidO,
2626 547 2708 621 οὐ
2748 551 3023 620 δύναται
3063 560 3172 620 λυ-

395 671 605 751 θῆναι
651 654 692 750 ἡ
737 659 984 749 γραφῆς
1031 663 1176 726 Luc.
1215 662 1276 736 9,
1311 662 1426 726 443
1475 667 1625 726 unte
1671 683 1863 727 sunus
1909 682 2089 727 mans
2136 662 2397 726 skulds
2436 663 2519 726 ist
2556 664 2871 746 atgiban
2911 665 2977 727 in
3016 663 3173 728 han-

400 771 567 835 duns
621 792 877 860 mamie,
935 763 972 834 ὃ
1029 761 1154 854 γὰρ
1209 760 1356 845 υἱὸς
1408 775 1534 833 τοῦ
1582 761 1963 853 ἀνθρώπου
2007 768 2229 853 μέλλει
2274 770 2773 854 παραδίδοσθαι
2821 769 2913 847 εἷς
2953 783 3175 855 χεῖρας

394 869 814 961 ἀνθρώπων.
891 877 1102 960 Atque
1150 878 1342 941 etiam
1377 876 1696 941 Romanos
1742 877 2122 960 antiquioris
2160 878 2415 960 quidem
2452 877 2681 942 aetatis
2718 876 2936 942 formis
2974 879 3173 961 passi-

391 984 485 1048 vis
539 983 874 1049 verborum
929 1005 1174 1066 posse,
1232 985 1446 1065 quire
1503 984 1596 1048 ita
1641 1004 1786 1048 usos
1833 1003 1996 1060 esse,
2051 990 2125 1048 ut
2172 983 2261 1048 eis
2308 983 2586 1067 passivos
2633 982 2977 1049 infinitivus
3025 985 3173 1049 sub-

388 1093 648 1167 icerent,
685 1091 1025 1155 Diomedes
1063 1091 1513 1172 grammaticus
1551 1089 1821 1176 docet.*)

569 1197 883 1262 Graeca:
951 1199 1028 1275 Γ,
1076 1197 1234 1260 2363
1303 1188 1468 1262 δοιώ
1535 1187 1597 1262 ‹5'
1661 1188 1745 1260 οὗ
1811 1191 2149 1280 δύναμαι
2214 1195 2462 1262 ἰδέειν
2528 1193 2897 1283 κοσμήτορε
2965 1201 3167 1261 λαῶν.

387 1307 466 1383 Ε,
504 1303 653 1367 475.
713 1305 786 1383 Ζ,
831 1305 973 1367 101.
1035 1306 1092 1382 Ι,
1131 1301 1278 1367 351.
1338 1305 1418 1382 Λ,
1461 1305 1605 1368 116.
1665 1300 1739 1382 Ξ,
1782 1304 1925 1368 196.
1994 1306 2064 1382 Ο,
2102 1305 2252 1367 399.
2302 1307 2386 1382 Σ,
2422 1304 2574 1368 427.
2630 1307 2713 1382 X,
2750 1305 2855 1368 47.
2912 1307 2983 1383 Y,
3021 1305 3169 1368 360.

395 1415 475 1490 Φ,
527 1411 679 1490 219,
716 1409 864 1474 357.
933 1434 994 1489 α,
1033 1411 1181 1475 250.
1247 1413 1308 1490 β,
1353 1411 1497 1474 191.
1565 1411 1622 1488 δ,
1671 1410 1822 1489 374,
1862 1410 2009 1474 612.
2082 1433 2132 1490 ε,
2170 1412 2274 1474 90.
2343 1435 2385 1488 ι,
2425 1411 2529 1474 28.
2596 1433 2657 1489 ν,
2694 1411 2842 1475 331.
2909 1434 2981 1490 π,
3020 1411 3168 1476 256.

385 1541 446 1596 τ,
490 1518 632 1581 157.
693 1540 764 1598 φ,
809 1517 954 1580 171.
1016 1541 1094 1595 ω,
1139 1517 1280 1580 159.
1317 1516 1342 1602 ΙΙ
1375 1518 1458 1595 Π,
1500 1516 1652 1581 1103
1711 1508 1870 1581 οὐδέ
1923 1540 2018 1598 πῃ
2076 1513 2284 1601 εἶχεν
2341 1510 2804 1601 ἀμπνεῦσαι.
2900 1520 2981 1595 H,
3020 1517 3167 1580 217.

391 1641 451 1702 6,
491 1625 639 1687 364.
673 1621 700 1709 Η
735 1647 796 1701 α,
835 1623 993 1686 3533
1043 1625 1149 1687 σοὶ
1197 1615 1257 1687 ‹5'
1295 1618 1801 1706 ἐπιτολμάτω
1839 1624 2080 1709 κραδίη
2120 1625 2231 1688 καὶ
2270 1615 2489 1706 θυμὸς
2528 1616 2819 1688 ἀκούειν.
2896 1647 2973 1702 ω,
3012 1623 3172 1687 2613

387 1722 473 1794 οὗ
527 1725 923 1815 τόλμησεν
971 1726 1220 1794 ἕκαστα
1269 1728 1499 1794 εἰπεῖν.
1534 1727 1560 1816 ΙΙ
1595 1755 1656 1808 α,
1693 1731 1854 1794 4103
1914 1721 2062 1794 οὐδ’
2108 1723 2531 1814 ὑπέμεινεν
2575 1726 2991 1814 γνώμεναι.
3026 1727 3052 1816 ΙΙ
3092 1733 3173 1808 Φ,

389 1837 550 1901 2733
590 1829 775 1912 οὔτις
808 1858 886 1919 με
926 1841 1150 1900 θεῶν.
1177 1887 1188 1899 .
1216 1888 1227 1899 .
1253 1887 1265 1899 .
1291 1827 1614 1921 ὑπέστη..
1641 1887 1652 1899 .
1678 1887 1691 1899 .
1717 1843 1993 1902 σαῶσαι.

567 1943 870 2008 Latina:
934 1942 1139 2006 Plaut.
1179 1942 1368 2006 Poen.
1408 1941 1486 2019 V,
1525 1943 1584 2019 2,
1625 1943 1735 2006 263
1799 1965 1952 2007 nam
2020 1944 2134 2026 qui
2188 1943 2383 2007 scire
2427 1942 2703 2022 potui?
2794 1941 3020 2026 Amph.
3057 1942 3172 2017 III,

392 2051 454 2126 2,
499 2050 566 2114 1:
607 2050 848 2114 durare
883 2069 1120 2131 nequeo
1157 2050 1231 2112 in
1268 2049 1547 2114 aedibus.
1615 2048 1797 2140 Lucr.
1835 2049 1950 2126 III,
1989 2050 2147 2114 6463
2186 2071 2315 2113 non
2356 2050 2520 2132 quit
2556 2050 2838 2114 sentire
2874 2049 3169 2113 dolorem.

393 2156 583 2238 Vei-g.
621 2155 695 2220 A.
733 2155 811 2232 X,
855 2156 952 2220 19.
1029 2155 1152 2220 Cic.
1190 2155 1370 2220 Tusc.
1409 2155 1491 2232 II,
1527 2156 1633 2231 27,
1669 2154 1784 2220 653
1829 2155 2005 2236 ferro
2052 2157 2441 2220 decertare
2488 2157 2789 2220 acerrime
2814 2160 3169 2236 possunt,

390 2268 728 2346 aeyrotare
775 2263 1049 2326 viriliter
1093 2283 1224 2326 non
1271 2268 1570 2344 queunt.
1607 2261 1633 2348 Η
1668 2263 1846 2327 Lucr.
1887 2263 2003 2340 ΙΙΙ,
2045 2263 2242 2327 10883
2289 2283 2398 2326 nec
2444 2263 2783 2327 delibare
2818 2263 3168 2326 valemus.

386 2370 446 2446 I,
499 2369 652 2446 108,
691 2369 836 2434 630.
879 2370 996 2446 -V,
1033 2368 1136 2433 58.
1210 2368 1326 2446 VI,
1376 2368 1487 2446 78,
1529 2369 1717 2432 1057.
1795 2370 1903 2435 Ov.
1943 2369 2093 2434 Met.
2140 2369 2325 2446 XIII,
2362 2369 2509 2432 311.
2584 2369 2721 2433 Art.
2767 2391 2888 2433 a1n.
2926 2369 2984 2446 Ι,
3020 2367 3169 2434 581.

388 2476 540 2540 Hor.
582 2497 769 2540 carm.
808 2475 857 2552 Ι,
896 2477 1000 2553 34,
1034 2476 1144 2560 123
1183 2476 1385 2540 valet
1419 2476 1553 2540 ima
1588 2479 1881 2540 mutare
1918 2476 2089 2540 deus.
2148 2475 2432 2559 Propert.
2470 2477 2521 2552 Ι,
2554 2475 2653 2553 15,
2685 2477 2721 2539 7
2738 2501 2753 2540 3
2790 2496 2922 2540 non
2958 2481 3171 2540 tamen

387 2583 522 2648 ista
558 2603 690 2647 meo
728 2584 1041 2648 valeant
1077 2583 1522 2648 contendere
1558 2582 1782 2646 amori.
1840 2582 1992 2646 Hor.
2030 2589 2147 2647 sat.
2185 2583 2235 2660 Ι,
2270 2585 2323 2658 1,
2359 2583 2467 2647 143
2505 2583 2899 2648 delassare
2935 2583 3165 2647 valent.

387 2689 624 2754 Lucan.
663 2689 772 2766 IV,
810 2689 912 2752 84.
984 2690 1117 2753 Liv.
1157 2689 1262 2766 38,
1300 2689 1414 2752 233
1471 2690 1786 2753 continere
1842 2691 2067 2754 valuit.
2120 2689 2146 2777 Η
2197 2691 2305 2755 Ov.
2345 2687 2495 2753 Met.
2536 2689 2611 2766 V,
2648 2689 2807 2753 6093
2865 2711 3171 2754 currere

387 2798 746 2861 sustinui.
806 2797 853 2873 Ι,
890 2796 1038 2861 530.
1076 2796 1186 2873 VI,
1224 2797 1373 2872 367,
1401 2795 1550 2859 563.
1590 2796 1668 2872 Χ,
1705 2796 1808 2860 47.
1846 2796 1957 2873 XI,
1997 2798 2146 2873 322,
2175 2798 2321 2861 583.
2359 2795 2529 2873 XIV,
2567 2797 2713 2861 730.
2770 2796 2919 2861 Her.
2961 2797 3034 2873 V,
3063 2798 3166 2861 32.

389 2901 623 2967 Lucan.
665 2902 836 2978 VIII,
873 2903 1020 2968 230.
1094 2902 1226 2966 Liv.
1264 2903 1371 2979 41,
1410 2900 1514 2979 25,
1553 2903 1620 2966 83
1674 2903 2091 2967 sustinenti
2144 2904 2891 2983 res....perscribere.
2969 2903 3071 2979 23,
3109 2904 3168 2967 9.

570 3009 868 3074 Gotica:
917 3008 1066 3074 Luc.
1107 3008 1168 3086 5,
1210 3010 1319 3073 123
1367 3015 1570 3093 magt
1613 3008 1747 3073 mik
1793 3008 2283 3092 gahrainjan,
2332 3005 2615 3075 δύνασαί
2656 3032 2735 3093 με
2782 3011 3166 3095 καθαρίσαι.

387 3114 618 3180 Matth.
657 3116 716 3192 6,
755 3115 857 3179 24.
931 3114 1124 3180 Marc.
1163 3115 1223 3193 2,
1258 3116 1319 3178 4.
1394 3114 1527 3179 Ioh.
1567 3116 1626 3192 3,
1665 3115 1722 3179 3.

569 3221 872 3287 debere:
929 3221 1350 3287 Sanscrita:
1399 3220 1630 3296 varh:
1679 3220 1845 3286 Man.
1886 3223 1945 3299 8,
1989 3220 2143 3286 1553
2189 3226 2407 3305 yavati
2453 3222 2839 3288 sambhaved
2884 3222 3169 3303 vriddhis

391 3332 715 3407 tavatim
770 3330 1027 3394 datum
1073 3329 1314 3406 arhati,
1369 3334 1610 3410 quanta
1656 3330 1946 3393 convenit
1992 3350 2215 3405 usura,
2270 3336 2515 3395 tantam
2564 3330 2714 3394 dare
2762 3328 2953 3393 debet
3000 3328 3083 3415 (v.
3130 3329 3167 3393 l.

390 3436 563 3500 Petr.
600 3457 650 3500 s.
687 3457 741 3498 v.
779 3433 1069 3522 ydvant).
1128 3436 1187 3511 8,
1215 3435 1374 3498 3413
1411 3456 1496 3499 na
1534 3435 1810 3513 dandam
1846 3436 2103 3500 datum
2142 3436 2423 3512 arhati,
2460 3437 2725 3500 multam
2762 3436 3003 3499 solvere
3040 3456 3169 3499 non

392 3541 600 3607 debet.
656 3540 920 3625 Yajnav.
949 3542 1010 3618 2,
1036 3542 1153 3605 493
1191 3546 1275 3605 na
1315 3541 1485 3624 'nyat
1522 3544 1641 3605 stri
1681 3542 1936 3605 datum
1975 3544 2257 3619 arhati,
2293 3542 2467 3607 aliud
2510 3540 2646 3627 (aes
2676 3539 2986 3628 alienum)
3004 3564 3167 3606 uxor

569 3770 616 3837 ¹¹¹)
671 3770 969 3825 Diomedes
1017 3778 1119 3825 art.
1168 3788 1394 3839 gramm.
1443 3770 1537 3824 lib.
1579 3772 1620 3836 Ι,
1668 3788 1720 3840 p.
1760 3772 1864 3825 385
1912 3770 2017 3835 (ed.
2065 3768 2213 3835 Keil)
2269 3771 2409 3825 haec
2457 3769 2617 3825 dicit:
2675 3786 2935 3841 “possum
2981 3776 3167 3825 tamen

390 3859 640 3914 nonnulli
686 3866 933 3915 veterum
973 3867 1030 3913 et
1066 3860 1288 3929 passiva
1325 3860 1696 3915 declinatione
1735 3859 2057 3928 figurarunt,
2098 3865 2353 3927 potestur
2391 3865 2446 3913 et
2476 3864 2813 3928 posswntur3
2862 3865 2919 3914 et
2957 3861 3167 3929 quitur,

391 3950 582 4015 quitus
635 3965 758 4001 sum
805 3949 953 4017 apud
1000 3949 1289 4003 nonnullos
1336 3955 1581 4003 veterum
1632 3948 1963 4017 reperimuS,
2024 3948 2167 4017 quod
2214 3956 2300 4002 est
2347 3948 2398 4002 ei
2446 3964 2782 4019 synonymon
2805 3990 2958 4002 .....
2980 3948 3166 4003 Attius

390 4038 582 4103 quitus
625 4054 750 4090 sum
795 4038 951 4106 ponit
997 4054 1096 4107 pro
1145 4039 1301 4103 quivi
1345 4039 1447 4091 hoc
1496 4037 1680 4093 modo:
1730 4053 1874 4107 ‘nam
1923 4054 2103 4106 neque
2151 4036 2332 4107 pretio
2380 4053 2561 4105 neque
2608 4035 2859 4092 amicitia
2896 4053 3075 4106 neque
3114 4037 3167 4090 vi

389 4126 596 4194 impelli
639 4142 818 4194 neque
867 4142 1032 4195 prece
1065 4125 1072 4195 Ι
1107 4125 1292 4194 quitus
1339 4126 1518 4193 sum'3·
1551 4126 1696 4179 idem
1745 4125 1880 4179 alibi
1931 4128 2121 4181 eodem
2172 4127 2353 4180 modo:
2404 4126 2566 4195 ⁴unde
2604 4125 2788 4181 omnia
2817 4126 3066 4195 perdisci
3102 4142 3167 4179 ac

383 4214 604 4283 percipi
649 4214 959 4281 queuntur.’
1035 4214 1308 4269 Caecilius
1356 4220 1674 4283 praeterea:
1723 4214 1788 4285 ‘si
1835 4230 1942 4268 non
1990 4216 2195 4268 sarciri
2238 4214 2465 4282 quitur!
2539 4216 2679 4268 Item
2718 4219 2973 4283 potestur
3020 4216 3167 4283 apud

387 4303 628 4357 Ennium
687 4302 1015 4372 reperimus:
1083 4319 1202 4372 ⁴nec
1250 4303 1267 4371 ss
1313 4303 1525 4356 retrahi
1571 4308 1827 4371 potestur
1882 4302 2169 4371 imperiis?
2260 4304 2495 4357 Scaurus
2552 4304 2621 4356 de
2678 4302 2792 4356 vita
2848 4318 2948 4356 sua
3002 4302 3166 4356 tertio

383 4398 684 4460 poteratur
732 4392 901 4446 etiam
950 4392 1094 4445 sicut
1122 4394 1375 4460 possitur
1411 4391 1689 4446 dictitat.”
1762 4393 1992 4446 Praeter
2030 4394 2129 4446 hos
2168 4409 2302 4461 quos
2339 4392 2635 4445 Diomedes
2672 4392 2835 4446 affert
2872 4390 3168 4460 scriptores

390 4480 586 4535 eadem
640 4480 900 4549 loquendi
947 4480 1160 4535 ratione
1207 4480 1293 4534 usi
1341 4487 1468 4533 sunt
1509 4480 1670 4535 Cato
1709 4480 1885 4549 (apud
1923 4482 2072 4535 Fest.
2112 4498 2164 4549 p.
2206 4482 2335 4535 162:
2382 4481 2733 4548 nequitum
2770 4480 3165 4549 exauyurari)‚

381 4556 676 4623 ⁸Plautus
742 4568 901 4636 (Rud.
942 4569 1034 4633 IV,
1074 4570 1124 4634 4,
1163 4570 1260 4623 203
1325 4574 1392 4622 ut
1444 4570 1775 4635 nequitur
1831 4570 2161 4637 comprimi),
2228 4566 2591 4623 Terentius
2656 4569 2811 4635 (Hec.
2851 4570 2943 4634 IV,
2984 4570 3033 4633 1,
3071 4568 3166 4622 573

389 4657 580 4723 forma
617 4658 680 4709 in
717 4658 949 4711 tenebris
983 4658 1176 4711 nosci
1211 4674 1328 4711 non
1365 4658 1562 4725 quita
1599 4659 1712 4722 est),
1763 4656 2127 4711 Lucretius
2166 4660 2227 4725 (Ι,
2268 4658 2432 4713 10453
2480 4658 2759 4726 suppleri.
2786 4700 2795 4711 .
2822 4657 3165 4725 ..queatur),

388 4744 770 4800 Sallustius
816 4745 888 4812 (b.
925 4747 1044 4813 Iug.
1081 4747 1167 4811 31,
1206 4747 1267 4800 83
1313 4746 1508 4799 ulcisci
1551 4745 1922 4813 nequitur),
1973 4746 2239 4800 Gellius
2288 4747 2429 4812 (XX,
2472 4748 2499 4801 1
2542 4753 2704 4800 extu:
2752 4746 2989 4799 saeidtia
3038 4761 3167 4799 con-

389 4834 562 4888 temni
595 4849 712 4887 non
751 4834 949 4900 quita
986 4836 1098 4901 est),
1137 4833 1518 4903 Appuleius
1557 4834 1726 4903 (mag.
1766 4834 1889 4899 274,
1930 4836 2024 4889 173
2062 4852 2133 4888 ne
2168 4836 2247 4888 sie
2285 4834 2503 4902 quidem
2543 4836 2777 4901 quitus
2814 4835 2934 4902 est).
