3911 5522
2078 315 2163 380 24

723 513 808 584 ad
873 518 1018 581 fut.:
1086 509 1486 600 δώσε-σθαι,
1548 515 1633 579 ad
1697 513 1880 598 perf.:
1946 517 2300 596 λελεῖφθαι
2334 541 2423 569 --
2460 516 2905 578 λελειπ-σθαι.
2998 511 3285 596 Denique
3340 514 3509 597 quod

723 625 792 690 in
845 622 1165 689 nonnullis
1229 621 1452 687 aoristi
1518 626 1582 686 et
1645 621 1910 705 perfecti
1975 619 2331 698 infinitivis,
2395 620 2504 704 qui
2569 619 2741 704 apud
2794 619 3139 685 Homerum
3194 620 3509 704 leguntur,

725 732 1006 797 litteram
1062 747 1100 796 σ
1147 729 1453 795 excidisse
1499 728 2087 805 animadvertimus,
2142 733 2213 792 ut
2258 727 2325 792 in
2371 725 2592 792 aoristi
2639 724 2745 791 inf.
2794 725 3204 811 καταλέχθαι
3253 751 3320 806 ο,
3360 728 3506 792 394.

728 837 989 922 δέχθαι,
1033 836 1124 915 Α,
1161 837 1266 915 23,
1303 837 1452 900 276.
1543 826 1948 917 ὑποδέχθαι,
1986 837 2067 912 H,
2104 834 2207 899 93.
2300 833 2581 920 πέρθαι,
2618 834 2700 911 ΙΙ,
2739 833 2885 899 708.
2972 827 3204 920 ὄρθαι,
3246 837 3321 912 Θ,
3358 834 3507 913 474,

725 946 792 1010 in
839 943 1106 1028 perfecti
1153 944 1261 1008 inf.
1337 933 1640 1025 ἀφῖχθαι,
1687 946 1739 1023 ζ,
1789 941 1935 1006 297.
2012 935 2439 1027 ἐγρηγόρθαι,
2484 943 2564 1018 Κ,
2610 939 2713 1005 67.
2790 935 3200 1025 δεδιδάχθαι,
3245 943 3323 1019 Λ,
3360 943 3507 1007 831.

727 1055 1107 1134 λελεῖφθαι,
1161 1053 1242 1128 Ω,
1280 1048 1428 1127 256,
1465 1049 1614 1112 494.
1705 1042 2057 1132 τετύχθαι,
2118 1050 2188 1124 Ο,
2231 1048 2375 1112 110.
2432 1071 2493 1125 α,
2531 1046 2680 1112 391.
2772 1043 3226 1131 πεπαλάχθαι,
3280 1073 3323 1126 ι,
3359 1043 3509 1126 331,

729 1159 799 1223 id
854 1158 924 1222 in
978 1163 1162 1223 tanta
1219 1157 1699 1222 oonsonantium
1743 1154 2217 1220 coacervatione
2264 1153 2618 1239 euphoniae
2668 1175 2859 1220 causa
2902 1153 3141 1220 factum
3186 1178 3321 1222 esse
3364 1177 3509 1240 per-

728 1265 1019 1350 spicuum
1057 1270 1168 1330 est.

911 1372 1240 1437 Postremo
1289 1391 1703 1436 commemoro
1749 1368 1994 1453 aliquot
2042 1366 2384 1434 infinitivos
2429 1369 2497 1433 in
2542 1369 2691 1433 sani
2737 1369 3113 1446 desinentes,
3158 1370 3239 1434 de
3284 1369 3509 1454 quibus

729 1479 1008 1544 dubitari
1065 1484 1291 1562 potest.
1364 1477 1616 1542 Etenim
1672 1478 1722 1542 si
1772 1476 2041 1542 formam
2084 1497 2199 1559 per
2244 1497 2311 1540 se
2357 1477 2557 1559 ipsam
2604 1481 2987 1559 spectamuS,
3040 1476 3121 1540 ad
3167 1476 3507 1542 locativum

727 1586 1076 1670 pertinere,
1131 1606 1253 1649 usu
1306 1590 1522 1649 tamen
1575 1584 1820 1668 pariter
1874 1605 1950 1648 ac
2007 1583 2291 1648 nonnulli
2350 1581 2645 1647 infinitivi
2691 1581 2915 1647 suffixo
2964 1581 3209 1665 adh-glai
3253 1583 3510 1649 formati

727 1693 1084 1776 imperativi
1127 1712 1389 1756 munere
1434 1685 1614 1775 fungi
1657 1691 1972 1768 videntur,
2020 1690 2093 1755 ef.
2139 1690 2259 1754 lex.
2296 1689 2464 1754 Petr.
2502 1711 2548 1754 a.
2586 1713 2642 1753 v.
2678 1689 2813 1754 bhfi
2846 1693 2925 1771 -Ι-
2957 1689 3273 1773 abbi-pra.
3346 1689 3508 1756 Sunt

727 1800 822 1864 hi:
878 1797 1673 1882 abhi-pra-bhfishani
1729 1797 1807 1875 X,
1859 1798 2006 1874 132,
2049 1798 2111 1860 1:
2166 1797 2408 1880 ijanam
2463 1798 2529 1862 id
2584 1797 2788 1880 dyaiir
2840 1799 3217 1881 gsirtavasur
3270 1797 3510 1880 ijanam

727 1906 988 1970 bhfimir
1041 1905 1194 1970 abhi
1248 1904 1714 1989 prabhfishani,
1770 1902 2230 1970 sacrificantem
2275 1903 2519 1968 eaelum
2564 1905 2861 1970 iucundis
2900 1904 3085 1969 bonis
3128 1905 3509 1988 praeditum,

730 2010 1194 2077 sacrificantem
1245 2018 1420 2077 terra
1473 2013 1760 2088 adiuvet3
1815 2011 2475 2095 upa-strinishani
2532 2007 2611 2098 (V
2632 2010 2793 2096 star)
2850 2011 2961 2088 VI,
2997 2010 3106 2087 44,
3144 2012 3213 2086 63
3268 2011 3508 2093 grini-

729 2119 951 2198 shani
1011 2119 1090 2205 (v
1119 2119 1262 2205 gar)
1320 2118 1438 2196 VI,
1481 2118 1590 2196 15,
1628 2119 1697 2195 63
1750 2118 1935 2196 VIII,
1977 2119 2088 2195 12,
2130 2119 2229 2182 19.
2320 2116 2705 2196 tarishani
2750 2117 2871 2195 IV,
2908 2117 3022 2194 37,
3063 2117 3118 2182 7.
3174 2116 3259 2194 V,
3302 2118 3411 2194 10,
3448 2119 3507 2182 6.

730 2225 1061 2304 neshani
1108 2225 1275 2311 (vni
1318 2226 1385 2313 1)
1430 2225 1508 2303 X,
1551 2225 1696 2302 126,
1734 2225 1792 2289 3.
1864 2225 2231 2308 parshani
2279 2222 2494 2310 (Vpar
2531 2224 2602 2312 2)
2650 2224 2727 2300 Χ,
2768 2224 2913 2302 126,
2951 2224 3011 2288 3.
3084 2223 3351 2289 Praeter
3393 2223 3509 2289 hos

727 2333 1094 2416 Ludwigius
1129 2355 1190 2416 p.
1236 2334 1338 2409 12,
1381 2330 1495 2397 ubi
1541 2332 1621 2397 de
1665 2332 1954 2397 locativis
2000 2333 2162 2415 agit,
2208 2333 2318 2414 qui
2355 2353 2476 2396 usu
2514 2331 2743 2397 dativis
2779 2331 3220 2415 respondeant,
3264 2331 3509 2415 profert

731 2440 1046 2522 ‹Jushani
1093 2439 1170 2517 X,
1209 2440 1314 2516 93,
1356 2439 1389 2502 1
1443 2445 1508 2504 et
1553 2438 1918 2518 sakshani
1964 2439 2044 2516 X,
2081 2438 2187 2515 32,
2229 2439 2283 2502 1.
2356 2437 2578 2520 Neque
2622 2459 2771 2504 vero
2818 2438 3187 2522 intellegere
3232 2459 3507 2522 possum,

729 2570 855 2630 quo
910 2549 1048 2611 iuro
1101 2547 1392 2610 attulerit
1445 2546 1823 2630 pupfitani
1869 2544 1957 2621 X,
2000 2545 2143 2622 132,
2182 2545 2242 2622 6,
2296 2542 2564 2610 formam
2618 2545 2795 2610 illam
2848 2546 3191 2611 admodum
3245 2544 3509 2610 dubiam

731 2661 796 2718 et
849 2653 1118 2718 fortasse
1152 2655 1444 2718 vitiosam
1492 2651 1598 2738 (of.
1643 2653 1763 2717 lex.
1811 2652 1981 2717 Petr.
2030 2675 2078 2717 s.
2123 2675 2179 2716 v.
2224 2653 2343 2736 put
2389 2651 2489 2741 2),
2545 2674 2622 2718 ex
2669 2673 2795 2736 qua
2840 2655 3117 2736 persicos
3164 2650 3509 2718 infinitivos

730 2764 796 2826 in
841 2764 1101 2845 tanaiy
1149 2757 1361 2827 finitos
1406 2753 1784 2845 repetendos
1832 2782 1969 2826 esse
2002 2783 2062 2844 p.
2104 2759 2205 2837 14,
2242 2758 2325 2824 59
2376 2766 2605 2826 censet.
2677 2760 2773 2825 Ae
2819 2782 2904 2825 ne
2942 2759 3197 2844 rajani.
3234 2743 3539 2843 quidem,

732 2868 900 2953 quod
946 2868 1181 2952 legitur
1218 2868 1294 2944 X,
1330 2868 1436 2945 49,
1472 2868 1542 2930 4:
1587 2867 1777 2932 aham
1821 2868 2099 2946 bhuvam
2144 2868 2595 2953 yajamanasya
2628 2867 2741 2952 raj
2759 2869 2909 2945 ani,
2956 2864 3509 2933 infinitivum‘esse

731 2976 1038 3041 existimO.
1093 2974 1214 3039 Illo
1252 2977 1420 3039 enim
1455 2974 1612 3051 1000,
1650 2996 1774 3057 quo
1802 2974 2170 3057 Ludwigius
2204 2998 2264 3059 p.
2293 2972 2381 3039 54
2417 2975 2610 3039 vertit
2648 2974 2770 3061 ‘ich
2807 2974 2980 3039 ward
3019 2975 3129 3040 des
3160 2974 3509 3057 opferuden

731 3104 874 3147 zum
918 3080 1301 3157 herrschen',
1345 3083 1548 3165 magis
1592 3080 1748 3146 mihi
1792 3080 2105 3165 probatur
2150 3083 2467 3161 sententia
2499 3082 2713 3159 Rothi,
2757 3082 2866 3164 qui
2914 3082 3004 3145 sie
3048 3082 3243 3146 vertit
3288 3082 3353 3144 in
3389 3080 3507 3145 lex,

731 3188 898 3253 Petr.
945 3210 992 3253 s.
1038 3210 1094 3251 v.
1148 3186 1262 3271 raj
1279 3188 1396 3253 an:
1451 3188 1572 3275 ‘ich
1629 3187 1743 3253 bin
1786 3194 1974 3253 unter
2020 3188 2134 3253 der
2178 3188 2455 3273 Leitung
2502 3190 2560 3253 d.
2606 3188 2669 3252 h.
2717 3187 2819 3253 ioh
2865 3188 3034 3273 folge
3081 3189 3226 3253 dem
3274 3186 3509 3253 Willen

733 3295 846 3361 des
883 3293 1258 3360 Frommen?
2812 3294 2827 3309 ’
