3911 5522
2104 335 2194 408 50

759 537 1052 623 sataye,
1096 534 1220 604 hoc
1265 535 1535 625 (animo)
1582 536 1680 603 vel
1725 559 1920 616 arces,
1964 537 2286 624 lapidibus
2322 537 2666 604 missilibus
2702 538 3029 617 instructe,
3076 535 3419 623 dirumpas,
3462 545 3539 606 ut

763 644 974 712 cibum
1010 645 1316 730 largiare3
1356 645 1432 712 cf.
1473 645 1548 723 V,
1586 644 1691 724 85,
1734 647 1790 712 1.
3566 645 3571 650 ’

933 752 1178 819 Horum
1220 751 1554 818 verborum
1598 775 1850 837 agmen,
1899 758 1977 818 ut
2022 756 2116 819 ita
2161 754 2393 831 dicam,
2440 753 2697 820 claudat
2739 751 3003 818 verbum
3046 751 3389 832 bibendi,
3434 755 3537 819 cui

758 881 1208 944 saepenumero
1253 858 1602 926 infinitivus
1649 858 1858 926 finalis
1905 861 2239 926 adiunctus
2286 867 2401 938 est,
2446 861 2619 925 velut
2654 861 2732 938 X,
2772 862 2802 924 1
2818 860 2919 938 16,
2962 862 3026 924 1:
3072 859 3252 944 piba
3298 861 3538 926 somam

756 968 1020 1033 mahata
1065 968 1468 1052 indriyaya
1512 967 1666 1052 piba
1701 969 2046 1052 vritraya
2080 967 2409 1034 hantave
2448 967 2779 1049 cavishtha
2817 967 2826 1052 1
2866 967 3021 1051 piba
3056 964 3235 1051 raye
3270 969 3539 1050 cavase

756 1074 1162 1159 hfiyamanab
1207 1074 1362 1158 piba
1404 1075 1709 1140 madhvas
1753 1076 1973 1158 tripad
2008 1076 2197 1140 indta
2232 1075 2561 1155 vrishasva
2590 1073 2616 1162 ΙΙ
2648 1073 2797 1140 bibe
2834 1095 3091 1152 somam,
3132 1081 3208 1140 ut
3241 1095 3537 1158 magnam

755 1184 1106 1266 potentiam
1151 1184 1536 1266 assequaris,
1589 1182 1738 1246 bibe
1783 1183 1868 1248 ad
1913 1181 2197 1262 Vritram
2242 1181 2679 1258 occidendum,
2734 1180 3197 1259 robustissime,
3242 1180 3417 1260 bibe,
3463 1187 3537 1246 ut

758 1309 935 1373 opes,
999 1290 1279 1373 vigorem
1331 1287 1638 1374 praebeas
1691 1295 1983 1366 vocatus,
2044 1287 2220 1366 bibe,
2274 1290 2481 1354 mellis
2535 1289 2719 1366 satiS,
2772 1287 2994 1366 Indra,
3046 1287 3337 1354 infunde!
3425 1286 3536 1366 IX,

762 1395 911 1472 106,
951 1397 1022 1462 8:
1077 1402 1251 1475 tvam
1298 1397 1529 1461 devaso
1577 1396 1954 1480 amritaya
1996 1396 2146 1460 kam
2192 1397 2435 1480 papuli,
2488 1402 2555 1460 te
2598 1396 2702 1460 dei
2750 1396 2992 1461 scilicet
3036 1395 3119 1461 ad
3164 1395 3536 1484 immortali-7

757 1506 959 1567 tatem
999 1501 1524 1590 (assequendam)
1571 1501 1892 1569 biberunt.
1970 1503 2063 1568 Cf.
2108 1503 2220 1581 IX,
2259 1504 2363 1580 88,
2401 1504 2460 1568 2.
2513 1504 2657 1580 109,
2695 1504 2755 1568 2.
2810 1503 2859 1579 Ι,
2900 1505 3001 1580 16,
3038 1504 3078 1566 6
3090 1525 3107 1578 ;
3156 1503 3303 1580 130,
3340 1502 3401 1566 2.
3453 1500 3535 1579 ΙΙ,

761 1609 862 1687 19,
903 1610 958 1674 1.
996 1609 1111 1688 ΙΠ,
1147 1611 1254 1688 32,
1291 1610 1353 1687 5,
1395 1613 1493 1676 10.
2057 1697 2067 1704 .

931 1716 1222 1802 Denique
1283 1739 1360 1784 ex
1413 1716 1675 1784 Homeri
1730 1716 2114 1783 carminibus
2169 1717 2415 1802 aliquot
2467 1717 2593 1782 loci
2646 1717 2954 1782 afferendi
3007 1723 3181 1794 sunt,
3246 1716 3354 1800 qui
3408 1737 3535 1781 non

753 1825 962 1889 minus
1010 1845 1200 1909 quam
1247 1826 1324 1903 ei,
1371 1825 1450 1890 de
1497 1826 1726 1910 quibus
1771 1847 1965 1910 supra
2010 1828 2271 1908 egimus,
2316 1826 2693 1890 documento
2740 1836 2876 1890 ess‘e
2910 1830 3194 1908 possunt,
3238 1824 3401 1888 tales
3439 1826 3533 1888 in-

755 1929 1138 1997 finitivorum
1195 1931 1468 2011 dativos,
1523 1934 1743 2017 quales
1799 1935 2227 2016 cognovimus,
2283 1935 2517 2016 quippe
2572 1935 2680 2017 qui
2726 1932 3077 1998 sententiae
3122 1932 3533 2016 explicandae

755 2041 885 2105 sive
939 2040 1284 2122 explendae
1340 2041 1740 2117 inservirent,
1795 2042 1878 2105 ad
1925 2041 2379 2124 qualecumque
2424 2040 2687 2104 verbum
2730 2037 2979 2104 finitum
3026 2040 3177 2104 addi
3223 2039 3531 2123 potuisse:

755 2148 837 2226 B,
879 2147 1035 2212 108:
1093 2145 1501 2235 (σκῆπτρον)
1547 2139 1979 2232 Ἀγαμέμνονι
2033 2151 2256 2212 λεῖπε
2312 2154 2683 2234 φορῆναι,
2740 2150 3066 2231 πολλῇσιν
3112 2142 3374 2233 νήσοισι
3418 2147 3535 2210 καὶ

742 2249 964 2339 ’Ἁργεΐ
997 2254 1205 2318 παντὶ
1242 2245 1577 2320 ἀνάσσειν.
1647 2259 1721 2335 Ρ,
1763 2255 1908 2320 151.
1946 2278 2007 2339 γ,
2046 2256 2193 2320 271.
2236 2278 2287 2335 ε,
2325 2256 2475 2318 344.
2542 2255 2617 2334 P,
2652 2254 2811 2318 418:
2852 2252 2909 2317 εἰ
2944 2262 3197 2320 τοῦτον
3244 2248 3533 2338 Τρώεσσι

752 2356 1323 2447 μεθήσομεν...
1349 2413 1362 2426 .
1387 2355 1556 2427 ἄστυ
1591 2357 1755 2428 πότι
1793 2361 2122 2448 σφέτερον
2162 2358 2437 2447 ἐρύσαι
2472 2364 2587 2426 καὶ
2624 2361 2828 2438 κῦδος
2865 2352 3222 2446 άρέσθαι.
3282 2379 3340 2440 σ,
3366 2361 3531 2425 420.-

752 2459 877 2534 τὸν
925 2473 1146 2548 ξεῖνον
1186 2468 1258 2534 δὲ
1297 2467 1548 2552 ἐῶμεν
1570 2521 1738 2534 .....
1769 2465 2121 2557 Τηλεμάχῳ
2158 2469 2508 2554 μελέμεν.
2588 2473 2670 2548 X,
2710 2469 2867 2533 223ε
2911 2463 3115 2533 τόνδε
3156 2459 3215 2532 δ’
3252 2463 3383 2552 ἐγώ
3420 2489 3528 2532 τοι

755 2627 769 2640 .
795 2571 1301 2662 ..πεπιθήσω
1340 2574 1722 2658 ἐναντίβιον
1758 2575 2283 2661 μαχέσασθαι,
2323 2577 2397 2641 cf.
2434 2601 2492 2661 χ,
2531 2577 2679 2641 213.
2738 2574 2813 2655 Ξ,
2852 2575 3013 2641 36οε
3050 2570 3531 2660 παρήπαφεν

755 2673 1209 2771 εὐνηθῆναι.
1321 2707 1393 2763 π,
1443 2684 1554 2748 71:
1628 2677 1822 2749 οὔπω
1894 2685 2081 2770 χερσὶ
2144 2683 2505 2749 πέποιθα
2569 2674 2758 2770 ἄνδρ’
2828 2673 3396 2767 ἀπαμύνασθαι
3442 2709 3531 2737 ==

753 2812 824 2872 φ,
866 2790 1012 2857 132.
1087 2795 1171 2871 Ν,
1208 2791 1312 2857 96.
1389 2792 1474 2871 Α,
1517 2790 1672 2858 151:
1710 2799 1858 2869 πῶς
1893 2793 1995 2869 τίς
2031 2814 2139 2857 τοι
2176 2793 2549 2879 πείθηται
2586 2783 2628 2877 ἢ
2668 2782 2834 2856 ὁδὸν
2874 2789 3301 2874 ἐλθέμεναι
3336 2781 3378 2875 ἢ
3416 2780 3531 2855 άν-

755 2893 989 2983 δράσιν
1027 2893 1128 2979 ἶφι
1164 2894 1584 2982 μάχεσθαι;
1623 2898 1700 2963 cf.
1739 2902 1818 2979 K,
1857 2900 2009 2978 206,
2050 2904 2104 2979 ξ,
2141 2898 2292 2965 489.
2326 2897 2353 2986 ΙΙ
2388 2904 2443 2979 ξ,
2478 2899 2567 2962 42
2606 2890 2907 2963 ἄλλοισιν
2948 2897 3021 2962 δὲ
3058 2894 3222 2974 σύας
3260 2892 3531 2973 σιάλους

753 2996 1151 3069 ἀτιτάλλω
1199 3000 1534 3088 ἔδμεναι.
1610 3027 1679 3084 τ,
1717 3006 1832 3071 64:
1879 3001 2179 3092 νήησαν
2228 3001 2392 3085 ξύλα
2436 3000 2678 3085 πολλά,
2725 3000 2915 3086 φόως
2963 3000 3143 3088 ἔμεν
3181 2995 3299 3090 ἠδὲ
3337 3002 3529 3089 θέρε-

753 3116 933 3177 σθαι.
1011 3117 1076 3193 §5
1101 3112 1262 3176 411:
1309 3102 1429 3188 τὰς
1462 3111 1586 3196 μὲν
1624 3104 1754 3196 ἄρα
1793 3108 2026 3198 ἔρξαν
2064 3104 2237 3177 κατὰ
2274 3105 2450 3198 ἤθεα
2486 3117 2992 3198 κοιμηθῆναι.
3070 3134 3128 3191 ο,
3163 3111 3325 3176 457:
3362 3116 3528 3196 νηῦς

750 3210 1044 3303 ἤχθετο
1089 3230 1264 3283 τοῖσι
1311 3217 1656 3284 νέεσθαι.
1730 3243 1790 3304 χ,
1827 3220 1989 3285 476:
2034 3215 2247 3306 μήδεά
2291 3211 2353 3282 τ’
2400 3218 2807 3305 ἐξέρυσαν,
2854 3220 3050 3283 κυσὶν
3098 3209 3247 3301 ὠμὰ
3296 3211 3529 3283 δάσα-

754 3327 958 3389 σθαι.
1017 3328 1101 3404 Ν,
1131 3324 1286 3391 280:
1326 3316 1488 3390 οὐδέ
1524 3322 1589 3390 οἱ
1628 3317 1913 3413 ἀτρέμας
1948 3315 2194 3412 ἧσθαι
2235 3318 2624 3413 ἐρητύετ’.
2651 3376 2663 3391 .
2689 3376 2701 3391 .
2728 3320 3001 3410 ,θυμός
3039 3326 3065 3411 l}
3098 3348 3141 3404 ι,
3174 3324 3331 3389 1432
3370 3314 3531 3390 οὐδὲ

750 3423 1279 3516 προύφαίνετ’
1317 3431 1650 3498 ἰδέσθαι.
1685 3432 1711 3521 ΙΙ
1745 3436 1822 3512 Ε,
1862 3433 2020 3498 366:
2064 3428 2441 3517 μάστιξεν
2481 3424 2541 3497 <5⁰
2579 3428 2847 3512 ἐλάαν,
2890 3434 2966 3513 Θ,
3002 3432 3111 3512 45,
3152 3434 3236 3512 Χ,
3272 3431 3427 3511 400,
3464 3453 3528 3514 γ,

749 3538 904 3618 484,
939 3538 1092 3605 494.
1133 3543 1186 3620 ς,
1226 3540 1328 3605 82.
1371 3562 1431 3620 ο,
1473 3540 1622 3620 192,
1660 3539 1752 3605 cf..
1791 3538 1979 3623 Verg.
2016 3540 2171 3605 Aen.
2207 3540 2316 3618 IV,
2343 3540 2476 3605 574
2514 3562 2675 3626 sqq.:
2714 3542 2867 3605 deus
2903 3538 3147 3605 aethere
3180 3538 3411 3603 missus
3446 3538 3530 3603 ab

753 3646 886 3711 alto
932 3644 1344 3711 Festinarc
1397 3646 1626 3730 fuyam
1680 3652 2003 3731 tortosque
2056 3648 2398 3713 incidere
2449 3647 2632 3728 funis
2673 3646 2837 3713 Ecce
2879 3648 3111 3711 iterum
3154 3646 3525 3711 stimulat.

751 3750 953 3836 Saepe
1000 3755 1193 3817 etiam
1237 3755 1646 3836 reperiuntur
1683 3752 1978 3820 infinitivi
2014 3755 2194 3820 verbi
2230 3754 2611 3820 substantivi
2648 3776 2791 3819 cum
2826 3756 3199 3819 accusativis
3234 3753 3531 3819 substan-

752 3861 1026 3925 tivorum
1083 3862 1433 3937 coniuncti,
1486 3866 1562 3925 ut
1606 3864 1699 3941 N,
1737 3862 1898 3926 391:
1955 3856 2078 3948 τήν
2124 3852 2185 3925 τ’
2231 3854 2460 3947 οὔρεσι
2504 3860 2818 3937 τέκτονες
2864 3854 3103 3947 ἄνδρες
3148 3858 3529 3944 ἐξέταμον

753 4016 953 4031 .....
983 3962 1212 4052 νήιον
1259 3962 1482 4032 εἶναι.
1559 3969 1642 4046 Π,
1678 3969 1832 4048 484,
1870 3969 1945 4049 Ρ,
1983 3967 2136 4049 548,
2177 3971 2261 4048 Χ,
2295 3969 2459 4033 4213
2508 3958 2583 4046 ὅς
2618 3990 2732 4053 μιν
2772 3964 3028 4033 ἔτικτε
3066 3969 3182 4033 καὶ
3218 3962 3528 4054 ἔτρεφε,

749 4079 962 4159 πῆμα
1005 4072 1387 4157 γενέσθαι
1432 4076 1664 4160 Τρωσί.
1715 4098 1766 4155 ε,
1805 4075 1958 4154 257,
2006 4100 2084 4155 ω,
2124 4076 2275 4155 224,
2320 4076 2551 4159 quibus
2596 4076 2751 4141 locis
2790 4074 3133 4142 infinitivos
3169 4078 3235 4140 in
3272 4096 3527 4140 accusa-

748 4181 914 4243 tivos
967 4179 1176 4246 abisse
1221 4181 1562 4246 verisimile
1608 4186 1732 4261 est,
1785 4185 2161 4266 pracsertim
2208 4205 2348 4248 cum
2394 4185 2789 4248 accusativus
2834 4204 2977 4248 cum
3022 4182 3333 4247 infinitivo
3378 4204 3527 4247 con-

749 4288 1000 4353 iunctus
1037 4288 1208 4372 apud
1243 4288 1591 4354 Homerum
1625 4289 1779 4355 locis
1817 4312 1969 4355 sane
2006 4312 2199 4375 quam
2234 4291 2449 4355 multis
2485 4290 2750 4373 legatur.

928 4393 1052 4472 Qui
1089 4392 1384 4460 infinitivi
1425 4398 1490 4460 in
1527 4396 1850 4479 Bigvcdae
1889 4404 1954 4461 et
1991 4396 2422 4462 Zendavestae
2458 4398 2613 4462 locis
2650 4420 2779 4463 non
2816 4400 2909 4463 ita
2944 4400 3161 4464 multis
3198 4394 3526 4463 adiectivis

749 4505 814 4565 et
858 4500 1273 4567 substantivis
1309 4502 1652 4581 adduntur,
1699 4505 1757 4568 ei
1795 4524 2011 4570 omnes
2048 4506 2193 4569 vim
2228 4526 2303 4571 ac
2338 4507 2725 4570 notionem
2760 4504 3143 4571 substantivi
3178 4506 3278 4571 vel
3315 4506 3525 4570 adiec-

745 4610 862 4673 tivi
917 4610 1016 4674 cui
1063 4611 1414 4693 iunguntur
1457 4612 1892 4676 accuratius
1937 4610 2353 4689 definiunt,
2408 4612 2581 4676 velut
2624 4612 2674 4690 Ι,
2712 4610 2817 4689 25,
2858 4613 2970 4678 17:
3024 4616 3163 4693 sam
3208 4614 3297 4677 mi
3340 4615 3525 4677 voca-

746 4713 934 4781 vahai
970 4716 1176 4800 punar
1210 4718 1360 4800 yato
1397 4738 1498 4782 mc
1527 4716 1761 4783 madhv
1787 4716 2109 4799 abbi-itam
2150 4722 2158 4805 Ι
2198 4718 2432 4785 hoteva
2466 4718 2843 4784 kshadase
2880 4722 3195 4805 priyam‚
3231 4742 3356 4805 quo
3382 4720 3522 4785 loco

746 4825 1016 4888 maxime
1054 4824 1208 4889 mihi
1247 4822 1556 4907 probatur
1593 4824 1675 4889 M.
1705 4824 1997 4891 Muelleri
2036 4826 2414 4903 coniectura,
2452 4828 2558 4909 qui
2588 4826 2725 4892 Ess.
2756 4828 2875 4893 vol.
2905 4826 2955 4905 1,
2981 4850 3040 4911 p.
3071 4828 3203 4893 330
3229 4828 3375 4893 adn.
3404 4846 3522 4911 pro
