3911 5522
2091 333 2179 397 40

750 531 1190 606 oblectationi,
1247 529 1742 604 misericordiae,
1797 529 2139 605 sanationi,
2183 530 2511 605 victoriae,
2556 531 3051 612 praeparationi,
3096 531 3375 612 puritati.
3409 529 3436 618 ΙΙ
3466 553 3521 615 y.

749 641 853 718 28,
891 640 960 703 33
1009 638 1321 702 varedaiti
1367 635 1656 700 armaitis
1703 639 1744 698 a
1793 634 1915 698 moi
1964 635 2397 700 rafredhrai
2435 633 2671 717 zavessg
2700 637 2987 718 jag-ata,
3034 637 3363 700 fortunans
3402 637 3521 701 Ar-

747 745 958 812 maitis
1005 746 1089 809 ad
1131 744 1302 808 bona
1347 743 1558 808 danda
1593 763 1634 806 a
1671 764 1768 806 me
1805 747 2030 806 vocata
2066 741 2378 806 adveniat.
2428 741 2739 824 (propriez
2788 747 3041 806 vocatus
3080 765 3251 806 meos
3286 744 3522 828 adeat.)

753 855 852 918 vd.
896 855 955 929 8,
994 852 1145 928 276,
1185 851 1332 914 279.
1383 851 1488 925 20,
1534 849 1636 914 26.
1695 855 1780 931 yt.
1829 848 1926 924 19,
1965 848 2070 911 48.
2124 849 2225 924 10,
2266 848 2413 913 113.
2468 871 2525 934 y.
2566 849 2671 925 53,
2714 850 2778 925 13
2818 848 2923 925 59,
2962 849 3030 926 7;
3068 849 3175 924 67,
3210 849 3272 926 4,
3308 849 3378 926 53
3416 852 3521 914 29.

747 984 805 1044 y.
845 963 908 1036 9,
945 959 1050 1035 93,
1087 959 1203 1022 943
1251 958 1406 1040 paiti
1457 955 1674 1020 azhois
1719 953 2027 1020 zairitahe
2074 955 2317 1036 qimahe
2361 955 2821 1038 vishevaepahe
2863 953 2873 1044 Ι
2914 955 3215 1039 kehrpem
3252 956 3522 1020 nashe-

747 1068 946 1131 mnai
1001 1064 1328 1130 ashaone
1385 1063 1616 1127 haema
1671 1062 1838 1126 zaire
1850 1061 1912 1146 ²¹²)
1970 1063 2203 1126 vadare
2250 1061 2531 1145 jaidhi,
2596 1069 2817 1129 contra
2868 1062 3178 1146 serpentis
3232 1063 3521 1128 malevoli

749 1174 920 1236 virus
967 1172 1312 1236 emittentis
1359 1191 1586 1252 corpus
1631 1170 1714 1234 ad
1759 1189 1989 1252 purum
2036 1170 2534 1245 sustentandum,
2579 1170 2808 1235 haema
2842 1169 3021 1248 flave,
3067 1193 3209 1234 eum
3246 1171 3522 1235 remedio

749 1279 907 1343 veni.
941 1278 967 1365 Η
999 1283 1080 1364 βῆ
1129 1269 1187 1343 δ’
1235 1277 1402 1360 'im-v,
1450 1268 1508 1340 δ’
1559 1274 1752 1355 ἰέναι,
1801 1267 1861 1340 ‹5'
1909 1274 2126 1359 ἴμεναι
2162 1277 2232 1354 Δ,
2276 1277 2418 1340 199.
2468 1281 2545 1356 Ε,
2588 1277 2732 1341 167.
2780 1280 2862 1355 B,
2904 1277 3047 1341 183.
3096 1279 3180 1356 N,
3220 1277 3323 1340 27.
3400 1275 3521 1342 ἴτω

750 1383 1018 1470 εἰπέμεν
1075 1389 1158 1462 ΙΙ,
1195 1385 1341 1450 373.
1425 1387 1496 1462 Ο,
1540 1382 1686 1462 159,
1725 1381 1884 1446 544:
1939 1374 2040 1446 τώ
2094 1381 2218 1465 μὲν
2276 1377 2704 1468 ἐεισάσθην
2754 1377 3089 1468 χαλκήρεα
3142 1375 3353 1468 τεύχε’
3408 1375 3523 1448 ἀπ’

750 1485 957 1576 ὤμων
997 1487 1386 1577 συλήσειν.
1465 1494 1537 1569 Ρ,
1576 1489 1732 1552 3533
1771 1487 2055 1553 ἴθυσεν
2092 1483 2498 1572 μάχεσθαι.
2566 1494 2625 1569 λ,
2664 1489 2811 1553 591.
2848 1513 2910 1573 χ,
2944 1490 3094 1554 408.
3136 1489 3212 1556 cf.
3252 1494 3335 1570 Σ,
3379 1490 3521 1554 175.

759 1601 844 1677 Φ,
891 1600 990 1677 13,
1029 1599 1177 1662 247.
1226 1601 1308 1676 ῼ,
1346 1597 1408 1675 2,
1450 1597 1595 1660 716.
1645 1596 1714 1674 Δ,
1751 1595 1901 1659 476.
1943 1619 1996 1673 ε,
2033 1595 2181 1660 332.
2221 1599 2303 1674 ῼ,
2340 1596 2501 1660 2143
2547 1590 2814 1661 πόντον
2852 1595 3137 1662 ἵκανον
3176 1589 3521 1682 ἀήμεναι.

753 1704 958 1770 Plaut.
997 1703 1223 1770 Bacch.
1261 1702 1343 1780 ΙΙ,
1381 1703 1442 1779 3,
1485 1703 1637 1766 1203
1680 1703 1818 1766 ibit
1855 1723 2090 1766 aurum
2127 1723 2519 1766 arcessere.
2580 1701 2730 1768 Cist.
2770 1703 2850 1779 H,
2892 1705 2947 1780 1,
2979 1702 3091 1766 253
3130 1704 3257 1768 aba·
3296 1725 3524 1786 quae-

750 1833 932 1877 rere.
1009 1812 1193 1894 Prop.
1233 1810 1280 1887 1,
1324 1810 1379 1887 1,
1422 1809 1531 1873 123
1585 1810 1749 1874 ibat
1803 1813 1860 1872 et
1903 1807 2190 1873 hirsutus
2236 1809 2347 1872 ille
2394 1809 2647 1874 videre
2690 1809 2884 1890 feras.
2960 1809 3009 1886 1,
3046 1811 3106 1887 6,
3144 1810 3246 1874 34.
3320 1809 3525 1876 Plaut.

750 1917 978 1984 Bacch.
1017 1917 1174 1981 631:
1211 1937 1448 1981 aurum
1471 1921 1730 1997 petere
1765 1915 1910 1980 hinc
1946 1919 2272 1980 venerat.
2348 1914 2567 2000 Aeque
2603 1922 2795 2000 atque
2831 1916 2931 1980 his
2970 1915 3294 1982 infinitivis
3331 1920 3526 2001 scrip·-

751 2032 922 2091 tores
980 2024 1163 2090 latini
1209 2025 1441 2088 dativis
1487 2022 2025 2088 substantivorum
2073 2022 2377 2087 consilii
2424 2021 2945 2106 significatione-m
2990 2023 3331 2101 subiciunt,
3384 2047 3525 2089 cum

752 2133 999 2198 dicunt:
1049 2133 1165 2206 ire,
1211 2129 1548 2214 proficisci,
1598 2132 1837 2206 venire,
1883 2129 2257 2213 relinquere,
2302 2129 2572 2206 mittere,
2619 2130 2896 2211 deligere
2932 2132 3287 2210 praesidi0‚
3336 2133 3527 2195 ‹tewi-

753 2240 857 2317 zio,
907 2238 1206 2316 subs-idi0‚
1259 2237 1410 2302 dare
1449 2237 1632 2314 done,
1681 2221 1924 2316 culinae,
1976 2236 2249 2313 crimini,
2296 2235 2525 2315 fmzori,
2580 2257 2729 2300 veno
2764 2259 2881 2321 pro
2920 2258 3143 2301 venum
3180 2238 3333 2301 dare
3371 2238 3527 2302 (licit

751 2346 894 2412 Tac.
933 2367 1075 2412 aun.
1114 2343 1222 2422 IV,
1265 2345 1295 2408 1
1312 2370 1329 2421 ;
1367 2343 1543 2421 XIII,
1580 2342 1685 2420 51,
1722 2342 1891 2420 XIV,
1934 2341 2045 2418 153
2078 2341 2315 2407 habere
2352 2343 2667 2424 reliyioui,
2711 2345 3023 2426 quaestui,
3053 2345 3315 2424 probrO,
3356 2345 3527 2408 ludi-

753 2453 908 2531 bno,
948 2451 1352 2531 omuemptau
1389 2471 1634 2514 sumere
1671 2449 1842 2535 (Tac.
1873 2471 2015 2515 ann.
2044 2450 2153 2526 VI,
2183 2450 2249 2514 83
2286 2470 2395 2514 uec
2433 2471 2813 2532 quemquam
2848 2451 3178 2531 extem-plo
3209 2451 3528 2538 adsum-o),

752 2580 1004 2643 capere,
1057 2559 1341 2640 accipere
1396 2557 1714 2640 eon-iuyiO,
1761 2577 1999 2640 ponere
2033 2557 2329 2638 piynori,
2379 2577 2695 2640 apponere
2742 2557 2917 2622 lue-ro
2963 2557 3115 2623 Hor.
3154 2579 3341 2622 carm.
3380 2557 3429 2634 I,
3464 2559 3527 2636 9,

758 2666 840 2732 14
878 2687 987 2749 sq„
1031 2665 1286 2746 qratiae
1323 2663 1462 2728 Ter.
1501 2662 1662 2728 And.
1700 2662 1784 2740 H,
1827 2663 1882 2740 1,
1919 2663 2036 2740 323
2083 2663 2331 2740 ducere,
2375 2662 2673 2740 tribuere,
2709 2669 2955 2728 vertere
2990 2665 3309 2747 igmaviae,
3352 2665 3523 2742 veit-50,

753 2772 1125 2853 despicatui.
1200 2772 1344 2835 Huc
1398 2790 1646 2855 quoque
1697 2772 1978 2855 pertinet
2022 2772 2297 2851 receptui
2351 2791 2576 2836 canere
2613 2800 2699 2825 2-
2736 2774 3014 2854 receptui
3063 2774 3312 2855 signum
3356 2772 3528 2837 dare.

753 2880 928 2958 Quae
963 2880 1150 2945 modo
1187 2879 1374 2943 attuli
1412 2876 1714 2961 exempla,
1751 2898 1827 2942 ea
1863 2878 2031 2961 apud
2062 2878 2333 2961 optimos
2358 2898 2585 2961 prosae
2613 2880 2917 2945 orationis
2946 2882 3282 2963 scriptores
3310 2899 3528 2962 saepe-

751 3008 1012 3051 numero
1049 2987 1362 3068 leguntur.
1435 2983 1674 3050 Verum
1709 2984 2016 3068 singulari
2054 2984 2326 3069 quodam
2364 3006 2513 3048 casu
2549 2986 2785 3049 factum
2822 3008 2956 3051 esse
2994 2988 3263 3061 videtur,
3298 2990 3371 3049 ut
3406 2984 3529 3049 Ta·-

753 3094 943 3170 eitus,
997 3094 1174 3157 cuius
1228 3097 1440 3157 aetate
1497 3090 1946 3157 infinitivorum
2001 3113 2150 3157 usus
2198 3113 2385 3176 quam
2428 3082 2733 3157 latissime
2776 3093 3065 3176 patebat,
3120 3100 3185 3157 et
3232 3093 3339 3175 qui
3386 3114 3527 3157 eum

754 3200 951 3267 secuti
989 3205 1138 3263 sunt
1173 3200 1513 3281 scriptores
1539 3200 1781 3282 pariter
1807 3205 2001 3283 atque
2029 3198 2273 3264 veteres
2301 3197 2447 3264 Indi
2476 3204 2543 3263 et
2568 3198 2891 3263 Bactriani
2920 3200 3151 3265 dativis
3180 3199 3528 3263 substanti-

753 3328 975 3373 vorum
1011 3306 1094 3369 acl
1133 3306 1460 3371 consilium
1495 3303 1981 3389 significandum
2014 3308 2365 3382 uterentur,
2401 3304 2477 3369 ef.
2516 3304 2659 3369 Tac.
2698 3326 2839 3369 ann.
2878 3306 2927 3382 I,
2956 3304 3068 3369 23:
3104 3306 3529 3370 centurionem

754 3464 768 3479 .
789 3462 804 3478 .
824 3464 839 3478 .
858 3413 980 3477 illa
1007 3413 1232 3477 morti
1261 3413 1552 3492 deposci-t.
1611 3411 1716 3488 51,
1744 3412 1816 3476 43
1853 3413 2229 3493 incessitque
2256 3412 2529 3475 itineri
2558 3416 2615 3475 et
2631 3413 2961 3491 procl-50,
2993 3413 3075 3476 ad
3106 3434 3293 3496 quem
3322 3413 3529 3477 locum

756 3520 816 3586 N
822 3520 1181 3604 ipperdeius
1229 3519 1549 3603 complura
1593 3518 1882 3603 exempla
1927 3521 1995 3583 iu
2042 3519 2322 3583 editione
2370 3539 2484 3582 sua
2527 3518 2766 3594 attulit,
2810 3520 2983 3583 velut
3020 3518 3103 3596 ΙΙ,
3144 3520 3211 3583 73
3258 3519 3530 3584 honori

743 3629 967 3709 patris
992 3628 1296 3708 princeps
1331 3628 1468 3709 ‘ipse
1505 3646 1644 3691 eum
1681 3626 2031 3709 leyiouibus
2068 3626 2443 3691 decucurrit.
2502 3625 2610 3703 IV,
2642 3625 2752 3689 723
2792 3627 2904 3708 qui
2932 3627 3224 3691 tributo
3254 3628 3529 3691 aderant

753 3735 1002 3799 milites,
1069 3732 1223 3812 XII,
1261 3735 1364 3799 69.
1421 3733 1598 3809 XIII,
1637 3734 1740 3798 26.
1831 3732 2007 3809 XIII,
2046 3733 2159 3795 323
2223 3732 2468 3813 factum
2522 3737 2781 3797 senatus
2834 3733 3189 3797 consultum
3242 3733 3530 3799 ultioni

753 3843 942 3907 iuxta
979 3846 1038 3907 et
1071 3840 1496 3906 securitati.
1555 3840 1702 3905 hist.
1739 3840 1822 3917 11,
1859 3841 1971 3904 203
2008 3840 2400 3903 retinebatur
2438 3839 2645 3905 adhue
2680 3840 2931 3903 terrori.
2998 3838 3115 3917 111,
3153 3840 3264 3905 843
3300 3844 3529 3903 cuncta

755 3949 1012 4013 urbium
1057 3948 1322 4013 excidiis
1367 3952 1648 4027 reperta,
1705 3946 1850 4011 vide
1893 3946 2197 4029 Draegeri
2246 3946 2505 4010 librum:
2561 3944 2739 4031 ‘iiber
2785 3944 3025 4028 Syntax
3068 3945 3203 4009 und
3248 3945 3369 4011 Stil
3416 3946 3529 4009 des

659 4038 684 4063 ⁰
755 4052 1048 4131 Tacitus’,
1083 4058 1139 4135 ξ.
1178 4054 1282 4117 52.
1355 4052 1630 4118 Maxime
1677 4055 1957 4117 omnium
2003 4051 2151 4117 huie
2196 4051 2407 4117 studio
2454 4052 2790 4117 indulsisse
2835 4052 3137 4117 dicendus
3176 4058 3273 4117 est
3310 4052 3528 4135 Appu-

754 4162 914 4227 leius
950 4161 1407 4236 Madaurensis,
1454 4160 1810 4225 tumidioris
1857 4160 2163 4223 sermonis
2209 4163 2446 4236 auctor,
2492 4160 2559 4223 in
2596 4161 2771 4223 cuius
2808 4161 3059 4241 scriptis
3096 4159 3327 4222 multos
3364 4160 3531 4222 eius-

755 4268 926 4334 modi
973 4269 1218 4333 dativos
1265 4266 1800 4332 substantivorum
1848 4264 2197 4329 verbalium
2242 4264 2533 4347 legimus,
2580 4270 2653 4329 ut
2690 4265 2867 4349 Apol.
2907 4266 3065 4330 4083
3108 4266 3345 4347 petisse
3388 4286 3531 4329 eum

757 4376 1016 4458 aliquid
1061 4375 1303 4440 tersui
1349 4374 1684 4439 dentium.-
1729 4372 1878 4436 Met.
1917 4371 1968 4449 I,
2009 4371 2110 4449 17,
2145 4393 2204 4454 p.
2246 4372 2358 4436 723
2406 4372 2609 4437 oleum
2654 4372 2919 4437 unctui
2956 4377 3013 4437 et
3052 4372 3250 4436 lintea
3288 4372 3531 4436 tersui

756 4504 947 4511 --—--—-..

938 4551 984 4617 *)
1022 4550 1335 4619 Spiegelius
1373 4548 1509 4617 legit
1546 4548 1737 4603 zairi.
1815 4548 2117 4603 vocativus
2158 4546 2301 4603 enim
2342 4548 2647 4603 thematum
2686 4548 2742 4602 in
2780 4549 2804 4601 i
2840 4546 3211 4603 desinentium
3249 4554 3429 4601 utrum
3469 4546 3531 4601 in

755 4643 778 4695 i
823 4658 892 4695 an
943 4639 998 4694 in
1047 4657 1076 4693 e
1122 4640 1339 4704 exierit,
1389 4654 1510 4693 cum
1561 4636 1778 4693 codices
1824 4636 1973 4692 inter
2010 4644 2301 4706 utramque
2340 4636 2571 4691 formam
2610 4636 2895 4703 fluctuent,
2944 4636 3173 4692 difficile
3213 4642 3298 4691 est
3334 4636 3407 4690 ad
3444 4635 3529 4689 di-

757 4728 1129 4793 iudicandum,
1179 4734 1364 4783 tamen
1403 4711 1713 4797 Spiegelius
1761 4743 1985 4796 gramm.
2034 4744 2088 4796 p.
2130 4728 2233 4781 133
2270 4725 2491 4783 ratione
2527 4724 2749 4795 linguae
2788 4724 3091 4781 sanseritae
3132 4724 3328 4781 habita
3366 4740 3529 4797 voca-

759 4818 898 4896 {ivm}
937 4817 994 4893 {1³
1032 4834 1060 4888 εν·
1097 4822 1364 4891 mantes
1400 4816 1795 4891 praeferende-115⁵
1833 4832 1955 4887 esse
1994 4821 2197 4889 censet:
