3911 5522
1709 347 1796 417 63

362 547 430 613 in
483 547 865 614 Armeniam.
937 546 988 626 Ι,
1027 547 1140 613 843
1195 545 1546 612 habirum
1599 548 1967 633 ashiyavam
2022 547 2129 614 abi
2184 569 2367 614 avam
2419 547 2877 626 naditabiram,
2929 547 3139 635 Baby-

363 655 574 721 lonem
608 654 932 740 profectus
969 675 1110 720 sum
1145 661 1369 720 eontra
1403 655 1584 720 illum
1619 653 2082 722 Naditabiram.

543 763 856 828 Graeca:
929 761 1028 827 Ex
1064 762 1245 845 larga
1281 763 1712 846 exemplorum
1747 763 1948 847 eopia,
1986 785 2149 847 quae
2185 761 2391 828 Iacob.
2428 763 2523 827 La
2556 763 2771 828 Roohe
2806 763 2875 828 in
2910 764 3141 830 studiis

362 869 714 936 Homericis
754 873 851 952 ἐξ.
891 867 1156 935 50—54
1202 871 1535 953 congessit,
1581 869 1884 935 nonnulla
1926 891 2301 955 proponam:
2346 870 2431 950 A,
2475 869 2629 935 1393
2679 859 2720 934 ὅ
2728 893 2771 935 ν
2816 892 2935 934 κεν
2982 867 3137 936 ἵκω-

360 1001 496 1062 μαι.
553 993 628 1062 ψ,
667 976 826 1042 2593
864 974 1010 1042 ἐπεὶ
1049 969 1134 1062 ἄρ
1171 993 1244 1041 σε
1281 978 1438 1042 θεοὶ
1473 977 1767 1064 ποίησαν
1805 973 2127 1042 ἱκέσθαι
2166 972 2395 1042 οἶκον
2432 965 2826 1061 ἐϋσέτὶμενον
2862 979 2977 1042 καὶ
3014 969 3140 1064 σὴν

365 1083 431 1162 ἐς
467 1085 762 1171 ,πατρίδα
797 1097 1013 1170 γαῖαν.
1092 1087 1177 1163 X,
1213 1083 1376 1148 4623
1423 1075 1697 1168 ἀνδρῶν
1735 1077 1900 1165 ἷξεν
1938 1074 2239 1168 ὅμιλον.
2313 1084 2473 1148 4833
2518 1077 2735 1150 Ἀίδαο
2775 1080 3023 1168 δόμους
3045 1136 3058 1150 .
3082 1137 3096 1150 .
3121 1137 3136 1150 .

363 1189 640 1278 ἔρχεαι.
717 1215 780 1270 α,
822 1191 976 1258 1763
1024 1191 1204 1257 ἴσαν
1243 1182 1474 1275 ἀνέρες
1509 1182 1836 1277 ἡμέτερον
1875 1191 2004 1255 δοῦ.
2081 1208 2141 1270 o,
2182 1191 2327 1255 194.
2363 1214 2425 1274 χ,
2463 1191 2523 1255 6.
2597 1193 2679 1270 Η,
2718 1190 2874 1255 335:
2912 1181 3013 1257 ὅτ’
3051 1183 3138 1257 ἂν

363 1287 522 1364 αὖτε
559 1293 933 1384 νεώμεθα
968 1299 1264 1384 πατρίδα
1299 1310 1551 1382 γαῖαν.
1625 1300 1698 1376 Ο,
1735 1297 1893 1362 2193
1932 1298 2091 1363 δῦνε
2132 1297 2205 1362 δὲ
2239 1294 2546 1364 πόντον
2586 1292 2747 1363 ἰών.
2816 1297 2973 1362 345:
3011 1293 3137 1362 δύ-
3212 1301 3225 1312 ‘

363 1429 553 1472 οντο
591 1405 664 1471 δὲ
702 1418 977 1489 τεῖχος.
1034 1406 1278 1472 Eodem
1313 1406 1500 1470 modo
1539 1404 1739 1470 Attici
1777 1412 1843 1470 et
1878 1407 2259 1489 posteriores
2298 1406 2458 1489 epici
2496 1406 2810 1482 dixerunt,
2846 1411 2921 1470 ut
2948 1405 3137 1490 Soph.

361 1512 586 1578 Traoh.
626 1511 781 1578 159:
842 1503 1138 1589 ,πολλοὺς
1193 1504 1460 1596 α’χῶνας
1516 1506 1732 1592 ἐξιών.
1825 1512 2044 1596 Eurip.
2082 1511 2309 1578 Troad.
2348 1512 2505 1578 8893
2560 1511 2974 1597 πέμψομέν
3026 1535 3137 1578 νιν

352 1610 702 1686 Ἑλλάδα.
777 1619 1070 1704 Apollon.
1107 1621 1258 1703 Arg.
1296 1618 1406 1697 IV,
1449 1619 1646 1685 1706:
1692 1610 1840 1684 κατ’
1887 1611 2187 1703 οὐρανοῦ
2224 1605 2393 1685 ῗίιεο
2429 1618 2738 1706 πέτρας.
2814 1620 2867 1697 Ι,
2906 1620 3015 1685 783
3054 1611 3139 1686 οὐ

359 1726 486 1812 μὲν
523 1722 794 1812 ἔμελλεν
831 1723 1254 1814 νοστήσειν
1290 1722 1726 1812 Κήρινθον.

542 1834 734 1918 Apud
770 1833 1033 1900 Latinos
1069 1833 1178 1899 hie
1211 1835 1554 1900 accusativi
1589 1855 1742 1900 usus
1776 1835 1985 1898 rarior
2022 1839 2135 1899 est.
2191 1831 2297 1920 (of.
2325 1834 2725 1900 Autenrieth.
2764 1834 2801 1898 l.
2836 1835 2876 1899 l.
2914 1857 2973 1918 p.
3005 1834 3138 1923 19.)

361 1941 526 2007 Nam
579 1949 1026 2024 praeterquam
1073 1942 1244 2026 quod
1289 1942 1546 2007 nomina
1590 1942 1848 2026 propria
1891 1939 2085 2006 urbes
2128 1946 2193 2006 et
2238 1941 2478 2006 insulas
2522 1941 2951 2025 significantia
2993 1949 3139 2026 post

363 2049 558 2114 verba
609 2049 806 2114 eundi
849 2055 913 2114 et
959 2049 1094 2114 sim.
1141 2049 1206 2113 in
1254 2049 1612 2115 accusativo
1657 2049 1810 2132 poni
1855 2048 2061 2114 solent
2107 2054 2173 2114 et
2216 2056 2471 2132 praeter
2514 2048 2958 2115 usitatissimas
3004 2051 3137 2116 dio-

361 2159 566 2222 tiones
613 2157 904 2242 domum,
954 2157 1186 2235 dmn03‚
1235 2177 1366 2236 rust,
1415 2157 1619 2237 foraS,
1668 2157 2021 2238 exsequia&
2059 2156 2331 2238 infitias,
2370 2157 2699 2237 suppetias
2734 2157 2867 2234 ire’,
2910 2164 3137 2240 poetae

360 2262 494 2329 fere
529 2264 650 2328 soli
683 2262 808 2330 hoo
843 2265 1096 2330 dicendi
1133 2284 1330 2346 genus
1365 2264 1776 2340 admiserunt,
1813 2262 1888 2328 cf.
1927 2249 2114 2346 Verg.
2144 2263 2217 2328 Α.
2249 2261 2299 2340 Ι,
2328 2262 2485 2327 3653
2524 2263 2879 2329 devenere
2915 2265 3133 2330 Ζοοοε.

361 2370 471 2447 IV,
512 2370 658 2448 125,
699 2370 844 2435 166.
907 2370 1016 2448 VI,
1054 2370 1200 2435 638.
1293 2370 1403 2448 VI,
1439 2370 1596 2435 6963
1661 2376 1776 2436 tua
1829 2391 1952 2448 me,
2018 2370 2291 2452 yenitor,
2350 2375 2469 2436 tua
2521 2371 2727 2436 tristis
2777 2363 3133 2455 ἐνώρα...

359 2475 538 2542 haec
586 2477 862 2542 limina
897 2479 1150 2543 tendere
1187 2477 1419 2560 adeyit.
1495 2477 1578 2554 11,
1619 2478 1776 2543 7423
1823 2478 2139 2542 tumulum
2174 2478 2485 2560 antiquae
2530 2476 2775 2544 Cereris
2809 2479 3137 2561 sedemque

360 2589 684 2650 sacratam
737 2583 1052 2650 Venimus.
1137 2585 1188 2662 Ι,
1225 2586 1282 2649 2.
1339 2583 1423 2662 11,
1455 2571 1608 2649 781.
1665 2584 1771 2662 VI,
1809 2573 1957 2649 346.
2012 2584 2145 2650 ΕοΙ.
2181 2584 2232 2661 Ι,
2270 2583 2374 2648 65.
2432 2584 2569 2650 Eol.
2606 2583 2655 2662 Ι,
2692 2584 2809 2650 643
2862 2586 3135 2651 ibimus

357 2692 615 2773 Afros.
689 2690 870 2758 Ovid.
908 2691 994 2756 Μ.
1031 2691 1145 2770 ΠΙ,
1180 2691 1342 2756 4623
1386 2693 1578 2756 verba
1622 2691 1824 2773 refers
1861 2711 2088 2757 aures
2124 2712 2254 2757 non
2280 2693 2821 2774 pervenientia
2856 2697 3130 2758 nostras.

365 2798 475 2865 Sil.
512 2799 654 2864 Ital.
680 2798 800 2877 .1v,
839 2800 996 2865 7633
1035 2804 1286 2880 optatos
1321 2820 1582 2864 venere
1619 2800 1816 2865 lacus.

537 2906 716 2973 Haeo
759 2906 958 2991 igitur
1001 2906 1344 2971 accusativi
1388 2908 1482 2972 vis
1529 2928 1718 2973 causa
1761 2912 1885 2984 est,
1941 2928 2055 2971 our
2098 2908 2165 2972 in
2202 2907 2487 2992 Rigvoda
2531 2928 2673 2973 oum
2716 2908 2928 2974 verbis
2974 2930 3135 2991 quae

363 3020 605 3080 motum
650 3011 1008 3097 significant
1052 3035 1201 3098 pars
1246 3012 1702 3079 infinitivorum
1745 3014 1810 3078 in
1859 3018 1995 3079 tum
2038 3019 2105 3079 et
2150 3036 2257 3079 am
2300 3013 2624 3081 finitorum
2661 3016 2879 3082 iuncta
2914 3017 3017 3093 sit,
3060 3020 3134 3080 ut
3252 3034 3265 3043 ·

359 3122 410 3198 I,
451 3122 596 3199 164,
632 3122 704 3187 43
749 3120 834 3185 ko
869 3122 1238 3187 vidvfifisam
1273 3121 1402 3205 lips.
1437 3124 1567 3203 gat
1602 3120 1997 3204 prsshtum
2034 3123 2187 3199 etet,
2232 3123 2371 3205 quis
2410 3124 2713 3213 scientem
2748 3124 2911 3188 adiit
2948 3144 3133 3207 roga-

357 3234 498 3293 tum
549 3228 708 3294 hoo?
791 3228 931 3306 Vn,
969 3228 1073 3306 86,
1109 3228 1182 3292 33
1233 3225 1454 3311 Ρςίοὴὸ
1507 3228 1618 3292 uad
1677 3224 1794 3293 eno
1848 3248 2091 3307 varana
2146 3228 2565 3313 didi-ikshfipo
2622 3231 2763 3296 omi
2804 3230 3133 3297 =oikitlisho

357 3336 806 3419 vipffchmn,
859 3356 1016 3420 rogo
1060 3336 1183 3401 hoc
1225 3340 1580 3419 peccatum,
1635 3334 1921 3415 Varum,
1970 3337 2239 3420 cupidus
2285 3337 2567 3413 videndi,
2612 3339 2929 3421 sapientes
2974 3339 3135 3403 adeo

357 3450 680 3526 rogatum3
733 3442 808 3507 of.
865 3442 943 3520 X,
981 3442 1088 3521 69,
1122 3442 1184 3507 9.
1293 3441 1402 3520 IV,
1439 3443 1500 3520 9,
1542 3444 1575 3506 1
1617 3472 1704 3497 =
1743 3442 1863 3508 SV.
1901 3443 1952 3520 Ι,
1991 3444 2105 3507 233
2176 3441 2439 3528 iyetha
2508 3444 2731 3509 barhir
2802 3446 3134 3523 asadam,

356 3550 534 3615 venis
569 3551 636 3615 in
673 3550 954 3633 stragulo
992 3570 1245 3616 sessum.
1318 3549 1428 3626 IX,
1469 3550 1572 3627 71,
1609 3550 1680 3614 63
1720 3549 1914 3633 cyeno
1951 3553 2039 3614 na
2072 3549 2287 3635 yonim
2322 3551 2627 3629 sedanam
2663 3550 2860 3636 dhiys
2894 3551 3134 3633 kyitsm

357 3655 772 3742 hiranysyam
823 3659 1129 3723 &saidam
1175 3657 1337 3723 devs,
1381 3654 1657 3734 osbati,
1701 3656 1868 3723 falco
1912 3657 2087 3723 velut
2131 3658 2199 3722 in
2244 3659 2501 3741 gremiO,
2546 3658 2613 3722 in
2659 3657 2807 3723 sede
2842 3664 2983 3723 arte
3018 3680 3133 3743 pa-

359 3768 527 3842 rata,
581 3784 776 3830 aurea
828 3766 1177 3830 considere-
1211 3765 1366 3829 deus
1421 3765 1697 3829 festinat.
1780 3763 1893 3842 IX,
1933 3766 2081 3842 101,
2122 3763 2204 3829 15
2241 3796 2328 3821 =
2366 3764 2485 3829 SV.
2522 3764 2603 3843 Π,
2643 3766 2787 3831 738.
2844 3764 2955 3843 ΙΧ,
2994 3765 3053 3842 8,
3090 3767 3131 3829 3

357 3900 446 3929 --
484 3870 602 3937 SV.
641 3870 726 3949 ΙΙ,
763 3872 920 3938 5303
980 3872 1282 3956 indrssya
1345 3892 1524 3937 soma
1585 3872 1859 3937 radhase
1921 3871 2177 3955 punsno
2242 3872 2430 3936 hardi
2485 3873 2769 3956 codaya
2824 3874 2835 3957 Ι
2890 3874 3135 3958 ςίὶὲεγο,

356 3976 568 4062 yonim
614 3980 945 4056 amidam,
991 3980 1196 4063 dirige
1241 3983 1576 4063 purgatuS,
1625 4000 1818 4057 soma,
1865 3976 2097 4044 Indrae
2142 4000 2267 4056 oor,
2312 3985 2385 4044 ut
2430 3978 2785 4063 largitionis
2830 4001 3023 4045 causa
3066 3980 3133 4044 in

361 4087 600 4169 gremio
637 4087 1017 4153 sanctissimi
1053 4085 1358 4151 considat.

535 4192 776 4259 Eodem
821 4193 1009 4259 modo
1045 4192 1272 4258 Umbri
1321 4199 1386 4258 et
1421 4192 1634 4258 Latini
1680 4194 1776 4259 usi
1823 4200 1973 4259 sunt
2016 4194 2255 4278 supinis
2291 4193 2357 4258 in
2394 4198 2529 4259 tum
2566 4192 2781 4271 finitis,
2826 4195 2995 4279 quod
3030 4194 3131 4261 his

358 4298 562 4365 elucet
599 4298 1004 4387 exemplis*):
1042 4300 1194 4365 Tab.
1231 4300 1291 4365 1¹³
1342 4302 1452 4367 103
1489 4322 1658 4386 pune
1691 4302 1957 4386 puplum
1994 4301 2240 4367 aferum
2263 4302 2493 4379 heries,
2528 4301 2705 4367 aves
2734 4303 3133 4367 anzeriatu

359 4414 490 4472 otu
515 4435 604 4464 =
631 4405 783 4473 Tab.
823 4407 940 4472 VP’
986 4408 1104 4473 483
1141 4430 1305 4492 pone
1341 4409 1532 4493 poplo
1567 4409 1744 4475 afero
1781 4408 2011 4487 heries,
2046 4409 2206 4474 avis
2236 4408 2575 4475 aseriato
2612 4416 2765 4486 otu,
2801 4410 2863 4473 h.
2901 4432 2951 4474 e.
2990 4430 3132 4475 cum

355 4515 659 4600 populum
714 4513 1114 4581 circumferre
1167 4515 1340 4582 voles
1395 4515 1558 4601 (sive
1614 4516 1810 4605 volet)
1866 4538 2015 4581 avos
2069 4516 2471 4582 observatum
2528 4519 2633 4581 ito.
2708 4514 2859 4580 Tab.
2897 4515 3025 4581 v12.
3068 4519 3130 4582 13

355 4622 502 4706 poei
565 4622 756 4707 angla
817 4622 1092 4689 asoriato
1149 4631 1310 4700 eost,
1371 4622 1435 4688 h.
1492 4645 1544 4688 o.
1601 4626 1709 4709 qui
1730 4672 1889 4689 .....
1909 4644 1981 4690 as
2036 4623 2435 4690 observatum
2491 4623 2626 4689 ibit.
2718 4622 2869 4689 Tab.
2908 4623 2967 4687 1¹³
3014 4624 3128 4691 213

535 4854 594 4923 *)
633 4854 714 4909 cf.
753 4854 1046 4909 Aufrochti
1087 4863 1142 4909 et
1181 4852 1492 4909 Kirchhoffi
1531 4854 1655 4909 libr.
1695 4858 1739 4921 ξ.
1779 4858 1864 4909 61.
