<?xml version="1.0" encoding="UTF-8"?>
<!DOCTYPE html PUBLIC "-//W3C//DTD XHTML 1.0 Transitional//EN"
    "http://www.w3.org/TR/xhtml1/DTD/xhtml1-transitional.dtd">
<html xmlns="http://www.w3.org/1999/xhtml" xml:lang="en" lang="en">
 <head>
  <title>
</title>
<meta http-equiv="Content-Type" content="text/html;charset=utf-8" />
  <meta name='ocr-system' content='tesseract 3.04.00' />
  <meta name='ocr-capabilities' content='ocr_page ocr_carea ocr_par ocr_line ocrx_word'/>
</head>
<body>
  <div class='ocr_page' id='page_1' title='image "./deinfinitivilin01wilhgoog_0034.png"; bbox 0 0 3911 5522; ppageno 0'>
   <div class='ocr_carea' id='block_1_1' title="bbox 1750 369 1831 434">
    <p class='ocr_par' dir='ltr' id='par_1_1' title="bbox 1750 369 1831 434">
     <span class='ocr_line' id='line_1_1' title="bbox 1750 369 1831 434; baseline -0.025 0"><span class='ocrx_word' id='word_1_1' title='bbox 1750 369 1831 434; x_wconf 89' lang='grc'><strong>21</strong></span> 
     </span>
    </p>
   </div>
   <div class='ocr_carea' id='block_1_2' title="bbox 1606 463 2007 470">
    <p class='ocr_par' dir='ltr' id='par_1_2' title="bbox 1606 463 2007 470">
     <span class='ocr_line' id='line_1_2' title="bbox 1606 463 2007 470; baseline 0 5052"><span class='ocrx_word' id='word_1_2' title='bbox 1606 463 2007 470; x_wconf 95' lang='lat' dir='ltr'><strong> </strong></span> 
     </span>
    </p>
   </div>
   <div class='ocr_carea' id='block_1_3' title="bbox 405 565 3188 3225">
    <p class='ocr_par' dir='ltr' id='par_1_3' title="bbox 405 565 3187 2584">
     <span class='ocr_line' id='line_1_3' title="bbox 405 565 3181 651; baseline -0.003 -15"><span class='ocrx_word' id='word_1_3' title='bbox 405 572 556 637; x_wconf 84' lang='lat' dir='ltr'><strong>tivis</strong></span> <span class='ocrx_word' id='word_1_4' title='bbox 601 569 1141 635; x_wconf 79' lang='lat' dir='ltr'><strong>substantivorum</strong></span> <span class='ocrx_word' id='word_1_5' title='bbox 1187 567 1444 632; x_wconf 86' lang='lat' dir='ltr'><strong>differre</strong></span> <span class='ocrx_word' id='word_1_6' title='bbox 1493 589 1569 632; x_wconf 87' lang='lat' dir='ltr'><strong>ex</strong></span> <span class='ocrx_word' id='word_1_7' title='bbox 1605 571 1790 632; x_wconf 88' lang='lat' dir='ltr'><strong>tanta</strong></span> <span class='ocrx_word' id='word_1_8' title='bbox 1825 567 2256 651; x_wconf 87' lang='lat' dir='ltr'><strong>exemplorum</strong></span> <span class='ocrx_word' id='word_1_9' title='bbox 2292 567 2459 632; x_wconf 90' lang='lat' dir='ltr'><strong>nube</strong></span> <span class='ocrx_word' id='word_1_10' title='bbox 2497 568 2651 631; x_wconf 89' lang='lat' dir='ltr'><strong>satis</strong></span> <span class='ocrx_word' id='word_1_11' title='bbox 2688 565 2989 649; x_wconf 80' lang='lat' dir='ltr'><strong>probasse</strong></span> <span class='ocrx_word' id='word_1_12' title='bbox 3026 566 3181 630; x_wconf 91' lang='lat' dir='ltr'><strong>mihi</strong></span> 
     </span>
     <span class='ocr_line' id='line_1_4' title="bbox 407 673 3184 760; baseline -0.002 -18"><span class='ocrx_word' id='word_1_13' title='bbox 407 678 643 743; x_wconf 85' lang='lat' dir='ltr'><strong>videor.</strong></span> <span class='ocrx_word' id='word_1_14' title='bbox 699 675 896 742; x_wconf 85' lang='lat' dir='ltr'><strong>Aliud</strong></span> <span class='ocrx_word' id='word_1_15' title='bbox 931 697 1080 741; x_wconf 83' lang='lat' dir='ltr'><strong>vero</strong></span> <span class='ocrx_word' id='word_1_16' title='bbox 1118 673 1574 741; x_wconf 83' lang='lat' dir='ltr'><strong>infinitivorum</strong></span> <span class='ocrx_word' id='word_1_17' title='bbox 1609 696 1808 758; x_wconf 88' lang='lat' dir='ltr'><strong>genus</strong></span> <span class='ocrx_word' id='word_1_18' title='bbox 1845 675 2037 760; x_wconf 87' lang='lat' dir='ltr'><strong>idque</strong></span> <span class='ocrx_word' id='word_1_19' title='bbox 2074 695 2115 738; x_wconf 90' lang='lat' dir='ltr'><strong>a</strong></span> <span class='ocrx_word' id='word_1_20' title='bbox 2151 674 2378 740; x_wconf 81' lang='lat' dir='ltr'><strong>ceteris</strong></span> <span class='ocrx_word' id='word_1_21' title='bbox 2416 675 2733 739; x_wconf 85' lang='lat' dir='ltr'><strong>diversum</strong></span> <span class='ocrx_word' id='word_1_22' title='bbox 2760 679 2978 751; x_wconf 87' lang='lat' dir='ltr'><strong>restat,</strong></span> <span class='ocrx_word' id='word_1_23' title='bbox 3015 674 3184 758; x_wconf 90' lang='lat' dir='ltr'><strong>quod</strong></span> 
     </span>
     <span class='ocr_line' id='line_1_5' title="bbox 407 781 3185 870; baseline -0.002 -20"><span class='ocrx_word' id='word_1_24' title='bbox 407 807 486 850; x_wconf 88' lang='lat' dir='ltr'><strong>ne</strong></span> <span class='ocrx_word' id='word_1_25' title='bbox 522 790 918 870; x_wconf 82' lang='lat' dir='ltr'><strong>praeteream</strong></span> <span class='ocrx_word' id='word_1_26' title='bbox 953 805 1056 848; x_wconf 88' lang='lat' dir='ltr'><strong>res</strong></span> <span class='ocrx_word' id='word_1_27' title='bbox 1093 783 1234 866; x_wconf 86' lang='lat' dir='ltr'><strong>ipsa</strong></span> <span class='ocrx_word' id='word_1_28' title='bbox 1267 783 1508 848; x_wconf 81' lang='lat' dir='ltr'><strong>suadet.</strong></span> <span class='ocrx_word' id='word_1_29' title='bbox 1561 782 1991 866; x_wconf 86' lang='lat' dir='ltr'><strong>Reperiuntur</strong></span> <span class='ocrx_word' id='word_1_30' title='bbox 2028 782 2195 846; x_wconf 91' lang='lat' dir='ltr'><strong>enim</strong></span> <span class='ocrx_word' id='word_1_31' title='bbox 2221 783 2289 846; x_wconf 92' lang='lat' dir='ltr'><strong>in</strong></span> <span class='ocrx_word' id='word_1_32' title='bbox 2316 782 2639 864; x_wconf 78' lang='lat' dir='ltr'><strong>Rigvedae</strong></span> <span class='ocrx_word' id='word_1_33' title='bbox 2664 782 2913 865; x_wconf 80' lang='lat' dir='ltr'>hymnis</span> <span class='ocrx_word' id='word_1_34' title='bbox 2941 781 3185 865; x_wconf 76' lang='lat' dir='ltr'><strong>aliquot</strong></span> 
     </span>
     <span class='ocr_line' id='line_1_6' title="bbox 407 886 3183 975; baseline -0.002 -18"><span class='ocrx_word' id='word_1_35' title='bbox 407 891 706 958; x_wconf 88' lang='lat' dir='ltr'><strong>infinitivi</strong></span> <span class='ocrx_word' id='word_1_36' title='bbox 752 889 996 956; x_wconf 76' lang='lat' dir='ltr'><strong>suffixis</strong></span> <span class='ocrx_word' id='word_1_37' title='bbox 1040 890 1337 974; x_wconf 79' lang='lat' dir='ltr'><strong>-dhyai,</strong></span> <span class='ocrx_word' id='word_1_38' title='bbox 1381 890 1702 974; x_wconf 83' lang='lat' dir='ltr'><strong>-adhyai</strong></span> <span class='ocrx_word' id='word_1_39' title='bbox 1749 887 2025 966; x_wconf 89' lang='lat' dir='ltr'><strong>formati,</strong></span> <span class='ocrx_word' id='word_1_40' title='bbox 2072 911 2234 975; x_wconf 90' lang='lat' dir='ltr'><strong>quae</strong></span> <span class='ocrx_word' id='word_1_41' title='bbox 2280 888 2509 954; x_wconf 79' lang='lat' dir='ltr'><strong>suffixa</strong></span> <span class='ocrx_word' id='word_1_42' title='bbox 2552 889 2817 972; x_wconf 88' lang='lat' dir='ltr'><strong>singulis</strong></span> <span class='ocrx_word' id='word_1_43' title='bbox 2862 886 3183 953; x_wconf 76' lang='lat' dir='ltr'><strong>radicibus</strong></span> 
     </span>
     <span class='ocr_line' id='line_1_7' title="bbox 409 992 3184 1084; baseline -0.003 -19"><span class='ocrx_word' id='word_1_44' title='bbox 409 1002 502 1065; x_wconf 88' lang='lat' dir='ltr'><strong>ita</strong></span> <span class='ocrx_word' id='word_1_45' title='bbox 545 998 1044 1082; x_wconf 81' lang='lat' dir='ltr'><strong>agglutinantur,</strong></span> <span class='ocrx_word' id='word_1_46' title='bbox 1087 1003 1162 1062; x_wconf 91' lang='lat' dir='ltr'><strong>ut</strong></span> <span class='ocrx_word' id='word_1_47' title='bbox 1207 997 1316 1074; x_wconf 72' lang='grc' dir='ltr'><strong>εἰει,</strong></span> <span class='ocrx_word' id='word_1_48' title='bbox 1365 1019 1526 1082; x_wconf 89' lang='lat' dir='ltr'><strong>quae</strong></span> <span class='ocrx_word' id='word_1_49' title='bbox 1564 997 1630 1060; x_wconf 92' lang='lat' dir='ltr'><strong>in</strong></span> <span class='ocrx_word' id='word_1_50' title='bbox 1665 997 1990 1081; x_wconf 83' lang='lat' dir='ltr'><strong>praesenti</strong></span> <span class='ocrx_word' id='word_1_51' title='bbox 2026 1002 2309 1081; x_wconf 81' lang='lat' dir='ltr'><strong>tempore</strong></span> <span class='ocrx_word' id='word_1_52' title='bbox 2347 997 2413 1061; x_wconf 90' lang='lat' dir='ltr'><strong>in</strong></span> <span class='ocrx_word' id='word_1_53' title='bbox 2452 1019 2496 1061; x_wconf 84' lang='lat' dir='ltr'><strong>a</strong></span> <span class='ocrx_word' id='word_1_54' title='bbox 2532 997 2863 1084; x_wconf 67' lang='lat' dir='ltr'><strong>desinunt,</strong></span> <span class='ocrx_word' id='word_1_55' title='bbox 2886 992 3184 1060; x_wconf 84' lang='lat' dir='ltr'><strong>suffixum</strong></span> 
     </span>
     <span class='ocr_line' id='line_1_8' title="bbox 409 1101 3183 1190; baseline -0.003 -18"><span class='ocrx_word' id='word_1_56' title='bbox 409 1107 638 1190; x_wconf 89' lang='lat' dir='ltr'><strong>dhyai</strong></span> <span class='ocrx_word' id='word_1_57' title='bbox 675 1106 969 1182; x_wconf 83' lang='lat' dir='ltr'><strong>addatur,</strong></span> <span class='ocrx_word' id='word_1_58' title='bbox 1016 1104 1124 1181; x_wconf 77' lang='lat' dir='ltr'><strong>eiS,</strong></span> <span class='ocrx_word' id='word_1_59' title='bbox 1171 1125 1332 1190; x_wconf 88' lang='lat' dir='ltr'><strong>quae</strong></span> <span class='ocrx_word' id='word_1_60' title='bbox 1367 1104 1644 1170; x_wconf 82' lang='lat' dir='ltr'><strong>vocalem</strong></span> <span class='ocrx_word' id='word_1_61' title='bbox 1681 1103 2125 1169; x_wconf 84' lang='lat' dir='ltr'><strong>intermediam</strong></span> <span class='ocrx_word' id='word_1_62' title='bbox 2162 1126 2288 1170; x_wconf 87' lang='lat' dir='ltr'><strong>non</strong></span> <span class='ocrx_word' id='word_1_63' title='bbox 2325 1105 2693 1181; x_wconf 86' lang='lat' dir='ltr'><strong>admittunt,</strong></span> <span class='ocrx_word' id='word_1_64' title='bbox 2730 1101 2868 1168; x_wconf 85' lang='lat' dir='ltr'><strong>suff.</strong></span> <span class='ocrx_word' id='word_1_65' title='bbox 2906 1102 3183 1186; x_wconf 85' lang='lat' dir='ltr'><strong>adhyai</strong></span> 
     </span>
     <span class='ocr_line' id='line_1_9' title="bbox 407 1208 3184 1297; baseline -0.003 -18"><span class='ocrx_word' id='word_1_66' title='bbox 407 1213 809 1296; x_wconf 86' lang='lat' dir='ltr'><strong>adiungatur.</strong></span> <span class='ocrx_word' id='word_1_67' title='bbox 883 1211 1106 1297; x_wconf 90' lang='lat' dir='ltr'><strong>Neque</strong></span> <span class='ocrx_word' id='word_1_68' title='bbox 1162 1233 1307 1277; x_wconf 87' lang='lat' dir='ltr'><strong>vero</strong></span> <span class='ocrx_word' id='word_1_69' title='bbox 1363 1212 1566 1278; x_wconf 89' lang='lat' dir='ltr'><strong>solum</strong></span> <span class='ocrx_word' id='word_1_70' title='bbox 1619 1211 1688 1277; x_wconf 91' lang='lat' dir='ltr'><strong>id</strong></span> <span class='ocrx_word' id='word_1_71' title='bbox 1733 1213 1799 1276; x_wconf 87' lang='lat' dir='ltr'><strong>in</strong></span> <span class='ocrx_word' id='word_1_72' title='bbox 1845 1212 2129 1276; x_wconf 83' lang='lat' dir='ltr'><strong>themate</strong></span> <span class='ocrx_word' id='word_1_73' title='bbox 2172 1211 2524 1295; x_wconf 83' lang='lat' dir='ltr'><strong>praesentis</strong></span> <span class='ocrx_word' id='word_1_74' title='bbox 2569 1209 2869 1294; x_wconf 84' lang='lat' dir='ltr'><strong>temporis</strong></span> <span class='ocrx_word' id='word_1_75' title='bbox 2916 1208 3016 1285; x_wconf 80' lang='lat' dir='ltr'><strong>fit,</strong></span> <span class='ocrx_word' id='word_1_76' title='bbox 3072 1209 3184 1274; x_wconf 90' lang='lat' dir='ltr'><strong>sed</strong></span> 
     </span>
     <span class='ocr_line' id='line_1_10' title="bbox 409 1311 3185 1404; baseline -0.003 -19"><span class='ocrx_word' id='word_1_77' title='bbox 409 1322 606 1385; x_wconf 88' lang='lat' dir='ltr'><strong>etiam</strong></span> <span class='ocrx_word' id='word_1_78' title='bbox 651 1321 732 1384; x_wconf 80' lang='lat' dir='ltr'><strong>ad</strong></span> <span class='ocrx_word' id='word_1_79' title='bbox 779 1319 1088 1384; x_wconf 89' lang='lat' dir='ltr'><strong>aoristum</strong></span> <span class='ocrx_word' id='word_1_80' title='bbox 1133 1325 1199 1384; x_wconf 94' lang='lat' dir='ltr'><strong>et</strong></span> <span class='ocrx_word' id='word_1_81' title='bbox 1243 1317 1420 1384; x_wconf 83' lang='lat' dir='ltr'><strong>verbi</strong></span> <span class='ocrx_word' id='word_1_82' title='bbox 1465 1311 1733 1384; x_wconf 84' lang='lat' dir='ltr'><strong>formam</strong></span> <span class='ocrx_word' id='word_1_83' title='bbox 1779 1319 2155 1383; x_wconf 85' lang='lat' dir='ltr'><strong>intensivam</strong></span> <span class='ocrx_word' id='word_1_84' title='bbox 2204 1341 2364 1404; x_wconf 91' lang='lat' dir='ltr'><strong>quae</strong></span> <span class='ocrx_word' id='word_1_85' title='bbox 2410 1319 2645 1384; x_wconf 91' lang='lat' dir='ltr'><strong>dicitur</strong></span> <span class='ocrx_word' id='word_1_86' title='bbox 2681 1318 2971 1400; x_wconf 86' lang='lat' dir='ltr'><strong>pertinet.</strong></span> <span class='ocrx_word' id='word_1_87' title='bbox 3046 1314 3185 1380; x_wconf 87' lang='lat' dir='ltr'><strong>Hac</strong></span> 
     </span>
     <span class='ocr_line' id='line_1_11' title="bbox 410 1425 3183 1513; baseline -0.002 -22"><span class='ocrx_word' id='word_1_88' title='bbox 410 1428 610 1511; x_wconf 87' lang='lat' dir='ltr'><strong>igitur</strong></span> <span class='ocrx_word' id='word_1_89' title='bbox 663 1427 912 1491; x_wconf 90' lang='lat' dir='ltr'><strong>ratione</strong></span> <span class='ocrx_word' id='word_1_90' title='bbox 965 1448 1006 1490; x_wconf 90' lang='lat' dir='ltr'><strong>a</strong></span> <span class='ocrx_word' id='word_1_91' title='bbox 1059 1427 1411 1509; x_wconf 88' lang='lat' dir='ltr'><strong>praesentis</strong></span> <span class='ocrx_word' id='word_1_92' title='bbox 1466 1426 1746 1490; x_wconf 88' lang='lat' dir='ltr'><strong>themate</strong></span> <span class='ocrx_word' id='word_1_93' title='bbox 1800 1426 2019 1510; x_wconf 83' lang='lat' dir='ltr'><strong>piba-</strong></span> <span class='ocrx_word' id='word_1_94' title='bbox 2077 1425 2296 1513; x_wconf 75' lang='lat' dir='ltr'><strong>(vpa)</strong></span> <span class='ocrx_word' id='word_1_95' title='bbox 2349 1425 2832 1510; x_wconf 82' lang='lat' dir='ltr'><strong>piba-dhyai,</strong></span> <span class='ocrx_word' id='word_1_96' title='bbox 2897 1447 2937 1488; x_wconf 85' lang='lat' dir='ltr'><strong>a</strong></span> <span class='ocrx_word' id='word_1_97' title='bbox 2980 1443 3183 1506; x_wconf 70' lang='lat' dir='ltr'><strong>praes</strong></span> 
     </span>
     <span class='ocr_line' id='line_1_12' title="bbox 411 1529 3184 1621; baseline -0.002 -22"><span class='ocrx_word' id='word_1_98' title='bbox 411 1535 695 1600; x_wconf 84' lang='lat' dir='ltr'><strong>themate</strong></span> <span class='ocrx_word' id='word_1_99' title='bbox 731 1533 1086 1617; x_wconf 78' lang='lat' dir='ltr'><strong>madaya-</strong></span> <span class='ocrx_word' id='word_1_100' title='bbox 1125 1533 1206 1618; x_wconf 81' lang='lat' dir='ltr'><strong>(V</strong></span> <span class='ocrx_word' id='word_1_101' title='bbox 1223 1531 1418 1621; x_wconf 87' lang='lat' dir='ltr'><strong>mad)</strong></span> <span class='ocrx_word' id='word_1_102' title='bbox 1447 1534 2071 1618; x_wconf 75' lang='lat' dir='ltr'><strong>madaya-dhyai,</strong></span> <span class='ocrx_word' id='word_1_103' title='bbox 2107 1555 2369 1616; x_wconf 87' lang='lat' dir='ltr'><strong>apraes.</strong></span> <span class='ocrx_word' id='word_1_104' title='bbox 2392 1533 2671 1598; x_wconf 86' lang='lat' dir='ltr'><strong>themate</strong></span> <span class='ocrx_word' id='word_1_105' title='bbox 2701 1537 2905 1596; x_wconf 86' lang='lat' dir='ltr'><strong>stav-</strong></span> <span class='ocrx_word' id='word_1_106' title='bbox 2937 1529 3016 1616; x_wconf 79' lang='lat' dir='ltr'><strong>(v</strong></span> <span class='ocrx_word' id='word_1_107' title='bbox 3034 1531 3184 1616; x_wconf 86' lang='lat' dir='ltr'><strong>stu)</strong></span> 
     </span>
     <span class='ocr_line' id='line_1_13' title="bbox 411 1637 3185 1728; baseline -0.002 -22"><span class='ocrx_word' id='word_1_108' title='bbox 411 1640 934 1724; x_wconf 74' lang='lat' dir='ltr'><strong>stav-adhyai,</strong></span> <span class='ocrx_word' id='word_1_109' title='bbox 989 1639 1072 1706; x_wconf 86' lang='lat' dir='ltr'><strong>ab</strong></span> <span class='ocrx_word' id='word_1_110' title='bbox 1118 1640 1342 1705; x_wconf 85' lang='lat' dir='ltr'><strong>aoristi</strong></span> <span class='ocrx_word' id='word_1_111' title='bbox 1389 1641 1668 1705; x_wconf 86' lang='lat' dir='ltr'><strong>themate</strong></span> <span class='ocrx_word' id='word_1_112' title='bbox 1713 1641 1946 1705; x_wconf 85' lang='lat' dir='ltr'><strong>huva-</strong></span> <span class='ocrx_word' id='word_1_113' title='bbox 1995 1639 2221 1728; x_wconf 76' lang='lat' dir='ltr'><strong>(vhu)</strong></span> <span class='ocrx_word' id='word_1_114' title='bbox 2265 1639 2765 1723; x_wconf 75' lang='lat' dir='ltr'><strong>huva-dhyai,</strong></span> <span class='ocrx_word' id='word_1_115' title='bbox 2821 1661 2861 1702; x_wconf 85' lang='lat' dir='ltr'><strong>a</strong></span> <span class='ocrx_word' id='word_1_116' title='bbox 2906 1637 3185 1703; x_wconf 81' lang='lat' dir='ltr'><strong>themate</strong></span> 
     </span>
     <span class='ocr_line' id='line_1_14' title="bbox 409 1744 3185 1834; baseline -0.002 -21"><span class='ocrx_word' id='word_1_117' title='bbox 409 1748 651 1814; x_wconf 87' lang='lat' dir='ltr'><strong>formae</strong></span> <span class='ocrx_word' id='word_1_118' title='bbox 725 1747 1074 1813; x_wconf 86' lang='lat' dir='ltr'><strong>intensivae</strong></span> <span class='ocrx_word' id='word_1_119' title='bbox 1137 1747 1496 1828; x_wconf 78' lang='lat' dir='ltr'><strong>vavridh-</strong></span> <span class='ocrx_word' id='word_1_120' title='bbox 1561 1747 1928 1834; x_wconf 72' lang='lat' dir='ltr'><strong>(Vvardh)</strong></span> <span class='ocrx_word' id='word_1_121' title='bbox 1990 1747 2641 1831; x_wconf 73' lang='lat' dir='ltr'><strong>vavridh-adhyai</strong></span> <span class='ocrx_word' id='word_1_122' title='bbox 2706 1744 3002 1810; x_wconf 86' lang='lat' dir='ltr'><strong>infinitivi</strong></span> <span class='ocrx_word' id='word_1_123' title='bbox 3057 1744 3185 1809; x_wconf 88' lang='lat' dir='ltr'><strong>for-</strong></span> 
     </span>
     <span class='ocr_line' id='line_1_15' title="bbox 411 1853 3183 1942; baseline -0.002 -21"><span class='ocrx_word' id='word_1_124' title='bbox 411 1861 678 1921; x_wconf 89' lang='lat' dir='ltr'><strong>mantur.</strong></span> <span class='ocrx_word' id='word_1_125' title='bbox 725 1854 802 1920; x_wconf 85' lang='lat' dir='ltr'><strong>cf.</strong></span> <span class='ocrx_word' id='word_1_126' title='bbox 847 1854 1156 1942; x_wconf 63' lang='lat' dir='ltr'><strong>Schleich.</strong></span> <span class='ocrx_word' id='word_1_127' title='bbox 1204 1855 1243 1919; x_wconf 91' lang='lat' dir='ltr'><strong>l.</strong></span> <span class='ocrx_word' id='word_1_128' title='bbox 1278 1854 1319 1918; x_wconf 91' lang='lat' dir='ltr'><strong>l.</strong></span> <span class='ocrx_word' id='word_1_129' title='bbox 1365 1876 1423 1939; x_wconf 91' lang='lat' dir='ltr'><strong>p.</strong></span> <span class='ocrx_word' id='word_1_130' title='bbox 1461 1855 1614 1932; x_wconf 90' lang='lat'><strong>446,</strong></span> <span class='ocrx_word' id='word_1_131' title='bbox 1650 1854 1801 1919; x_wconf 92' lang='lat'><strong>447.</strong></span> <span class='ocrx_word' id='word_1_132' title='bbox 1847 1853 2027 1920; x_wconf 84' lang='lat' dir='ltr'><strong>Benf.</strong></span> <span class='ocrx_word' id='word_1_133' title='bbox 2066 1859 2122 1937; x_wconf 64' lang='grc' dir='ltr'><strong>ἓ.</strong></span> <span class='ocrx_word' id='word_1_134' title='bbox 2162 1855 2313 1932; x_wconf 90' lang='grc'><strong>917,</strong></span> <span class='ocrx_word' id='word_1_135' title='bbox 2360 1855 2466 1920; x_wconf 87' lang='grc' dir='ltr'><strong>ΙΧ.</strong></span> <span class='ocrx_word' id='word_1_136' title='bbox 2514 1855 2709 1938; x_wconf 86' lang='lat' dir='ltr'><strong>Bopp.</strong></span> <span class='ocrx_word' id='word_1_137' title='bbox 2746 1854 2785 1919; x_wconf 89' lang='lat' dir='ltr'><strong>l.</strong></span> <span class='ocrx_word' id='word_1_138' title='bbox 2825 1854 2864 1917; x_wconf 94' lang='lat' dir='ltr'><strong>l.</strong></span> <span class='ocrx_word' id='word_1_139' title='bbox 2902 1853 3016 1930; x_wconf 92' lang='lat' dir='ltr'><strong>III,</strong></span> <span class='ocrx_word' id='word_1_140' title='bbox 3056 1853 3183 1916; x_wconf 90' lang='grc'><strong>266</strong></span> 
     </span>
     <span class='ocr_line' id='line_1_16' title="bbox 411 1960 3187 2048; baseline -0.001 -20"><span class='ocrx_word' id='word_1_141' title='bbox 411 1985 566 2048; x_wconf 67' lang='lat' dir='ltr'><strong>sqq„</strong></span> <span class='ocrx_word' id='word_1_142' title='bbox 603 1963 735 2027; x_wconf 88' lang='lat'><strong>330</strong></span> <span class='ocrx_word' id='word_1_143' title='bbox 771 1985 904 2047; x_wconf 90' lang='lat' dir='ltr'><strong>sqq.</strong></span> <span class='ocrx_word' id='word_1_144' title='bbox 978 1961 1102 2026; x_wconf 91' lang='lat' dir='ltr'><strong>Illa</strong></span> <span class='ocrx_word' id='word_1_145' title='bbox 1145 1966 1360 2027; x_wconf 91' lang='lat' dir='ltr'><strong>autem</strong></span> <span class='ocrx_word' id='word_1_146' title='bbox 1403 1960 1632 2026; x_wconf 82' lang='lat' dir='ltr'><strong>suffixa</strong></span> <span class='ocrx_word' id='word_1_147' title='bbox 1675 1963 1842 2026; x_wconf 87' lang='lat' dir='ltr'><strong>unde</strong></span> <span class='ocrx_word' id='word_1_148' title='bbox 1887 1962 2195 2044; x_wconf 87' lang='lat' dir='ltr'><strong>originem</strong></span> <span class='ocrx_word' id='word_1_149' title='bbox 2243 1961 2541 2028; x_wconf 86' lang='lat' dir='ltr'><strong>duxerint</strong></span> <span class='ocrx_word' id='word_1_150' title='bbox 2586 1962 2639 2026; x_wconf 92' lang='lat' dir='ltr'><strong>si</strong></span> <span class='ocrx_word' id='word_1_151' title='bbox 2678 1962 3035 2045; x_wconf 79' lang='lat' dir='ltr'><strong>quaerimus</strong></span> <span class='ocrx_word' id='word_1_152' title='bbox 3074 1960 3187 2024; x_wconf 89' lang='lat' dir='ltr'><strong>da-</strong></span> 
     </span>
     <span class='ocr_line' id='line_1_17' title="bbox 409 2067 3187 2154; baseline -0.001 -20"><span class='ocrx_word' id='word_1_153' title='bbox 409 2070 524 2135; x_wconf 86' lang='lat' dir='ltr'><strong>tivi</strong></span> <span class='ocrx_word' id='word_1_154' title='bbox 562 2090 700 2153; x_wconf 83' lang='lat' dir='ltr'><strong>gen.</strong></span> <span class='ocrx_word' id='word_1_155' title='bbox 737 2069 879 2133; x_wconf 82' lang='lat' dir='ltr'><strong>fem.</strong></span> <span class='ocrx_word' id='word_1_156' title='bbox 916 2070 1213 2134; x_wconf 87' lang='lat' dir='ltr'><strong>videntur</strong></span> <span class='ocrx_word' id='word_1_157' title='bbox 1249 2091 1384 2134; x_wconf 85' lang='lat' dir='ltr'><strong>esse</strong></span> <span class='ocrx_word' id='word_1_158' title='bbox 1421 2067 1792 2134; x_wconf 87' lang='lat' dir='ltr'><strong>suffixormn</strong></span> <span class='ocrx_word' id='word_1_159' title='bbox 1825 2069 2022 2146; x_wconf 90' lang='lat' dir='ltr'><strong>-dhi,</strong></span> <span class='ocrx_word' id='word_1_160' title='bbox 2058 2070 2303 2146; x_wconf 88' lang='lat' dir='ltr'><strong>-adhi,</strong></span> <span class='ocrx_word' id='word_1_161' title='bbox 2341 2091 2502 2154; x_wconf 89' lang='lat' dir='ltr'><strong>quae</strong></span> <span class='ocrx_word' id='word_1_162' title='bbox 2538 2070 2677 2153; x_wconf 89' lang='lat' dir='ltr'><strong>ipsa</strong></span> <span class='ocrx_word' id='word_1_163' title='bbox 2710 2090 2751 2133; x_wconf 90' lang='lat' dir='ltr'><strong>a</strong></span> <span class='ocrx_word' id='word_1_164' title='bbox 2786 2068 3001 2132; x_wconf 78' lang='lat' dir='ltr'><strong>radice</strong></span> <span class='ocrx_word' id='word_1_165' title='bbox 3039 2067 3187 2130; x_wconf 78' lang='lat' dir='ltr'><strong>dha</strong></span> 
     </span>
     <span class='ocr_line' id='line_1_18' title="bbox 409 2175 3185 2263; baseline -0.002 -21"><span class='ocrx_word' id='word_1_166' title='bbox 409 2177 678 2263; x_wconf 81' lang='lat' dir='ltr'><strong>(facere)</strong></span> <span class='ocrx_word' id='word_1_167' title='bbox 725 2176 1026 2242; x_wconf 85' lang='lat' dir='ltr'><strong>facillime</strong></span> <span class='ocrx_word' id='word_1_168' title='bbox 1073 2176 1344 2242; x_wconf 79' lang='lat' dir='ltr'><strong>derivari</strong></span> <span class='ocrx_word' id='word_1_169' title='bbox 1391 2198 1574 2260; x_wconf 87' lang='lat' dir='ltr'><strong>posse</strong></span> <span class='ocrx_word' id='word_1_170' title='bbox 1620 2198 1862 2252; x_wconf 89' lang='lat' dir='ltr'><strong>censeo,</strong></span> <span class='ocrx_word' id='word_1_171' title='bbox 1908 2177 1963 2240; x_wconf 87' lang='lat' dir='ltr'><strong>si</strong></span> <span class='ocrx_word' id='word_1_172' title='bbox 2001 2177 2466 2241; x_wconf 85' lang='lat' dir='ltr'><strong>meminerimus</strong></span> <span class='ocrx_word' id='word_1_173' title='bbox 2504 2176 2768 2240; x_wconf 80' lang='lat' dir='ltr'><strong>eandem</strong></span> <span class='ocrx_word' id='word_1_174' title='bbox 2804 2175 3081 2239; x_wconf 85' lang='lat' dir='ltr'><strong>radicem</strong></span> <span class='ocrx_word' id='word_1_175' title='bbox 3118 2175 3185 2236; x_wconf 89' lang='lat' dir='ltr'><strong>in</strong></span> 
     </span>
     <span class='ocr_line' id='line_1_19' title="bbox 409 2282 3184 2367; baseline -0.001 -19"><span class='ocrx_word' id='word_1_176' title='bbox 409 2283 630 2367; x_wconf 82' lang='lat' dir='ltr'><strong>lingua</strong></span> <span class='ocrx_word' id='word_1_177' title='bbox 685 2289 750 2349; x_wconf 90' lang='lat' dir='ltr'><strong>et</strong></span> <span class='ocrx_word' id='word_1_178' title='bbox 805 2305 1034 2366; x_wconf 87' lang='lat' dir='ltr'><strong>graeca</strong></span> <span class='ocrx_word' id='word_1_179' title='bbox 1088 2290 1154 2349; x_wconf 89' lang='lat' dir='ltr'><strong>et</strong></span> <span class='ocrx_word' id='word_1_180' title='bbox 1207 2283 1408 2348; x_wconf 83' lang='lat' dir='ltr'><strong>latina</strong></span> <span class='ocrx_word' id='word_1_181' title='bbox 1463 2306 1605 2348; x_wconf 91' lang='lat' dir='ltr'><strong>cum</strong></span> <span class='ocrx_word' id='word_1_182' title='bbox 1660 2283 1834 2348; x_wconf 87' lang='lat' dir='ltr'><strong>verbi</strong></span> <span class='ocrx_word' id='word_1_183' title='bbox 1885 2288 1951 2349; x_wconf 90' lang='lat' dir='ltr'><strong>et</strong></span> <span class='ocrx_word' id='word_1_184' title='bbox 1996 2283 2318 2348; x_wconf 88' lang='lat' dir='ltr'><strong>radicibus</strong></span> <span class='ocrx_word' id='word_1_185' title='bbox 2364 2288 2430 2347; x_wconf 90' lang='lat' dir='ltr'><strong>et</strong></span> <span class='ocrx_word' id='word_1_186' title='bbox 2474 2283 2774 2347; x_wconf 87' lang='lat' dir='ltr'><strong>thematis</strong></span> <span class='ocrx_word' id='word_1_187' title='bbox 2820 2282 2994 2346; x_wconf 88' lang='lat' dir='ltr'><strong>haud</strong></span> <span class='ocrx_word' id='word_1_188' title='bbox 3039 2302 3184 2346; x_wconf 86' lang='lat' dir='ltr'><strong>raro</strong></span> 
     </span>
     <span class='ocr_line' id='line_1_20' title="bbox 410 2385 3185 2477; baseline -0.001 -21"><span class='ocrx_word' id='word_1_189' title='bbox 410 2391 715 2456; x_wconf 87' lang='lat' dir='ltr'><strong>coaluisse</strong></span> <span class='ocrx_word' id='word_1_190' title='bbox 761 2385 1092 2477; x_wconf 79' lang='grc' dir='ltr'><strong>(πρὴ-θω,</strong></span> <span class='ocrx_word' id='word_1_191' title='bbox 1131 2386 1464 2474; x_wconf 79' lang='grc' dir='ltr'><strong>ἔσχεθ-ον,</strong></span> <span class='ocrx_word' id='word_1_192' title='bbox 1510 2391 1797 2468; x_wconf 86' lang='lat' dir='ltr'><strong>ten-di-t,</strong></span> <span class='ocrx_word' id='word_1_193' title='bbox 1841 2389 2107 2456; x_wconf 81' lang='lat' dir='ltr'><strong>fen-di-t</strong></span> <span class='ocrx_word' id='word_1_194' title='bbox 2146 2389 2453 2456; x_wconf 87' lang='lat' dir='ltr'><strong>Schleich.</strong></span> <span class='ocrx_word' id='word_1_195' title='bbox 2489 2413 2549 2474; x_wconf 88' lang='lat' dir='ltr'><strong>p.</strong></span> <span class='ocrx_word' id='word_1_196' title='bbox 2590 2391 2737 2468; x_wconf 88' lang='grc'><strong>813,</strong></span> <span class='ocrx_word' id='word_1_197' title='bbox 2777 2390 2907 2454; x_wconf 88' lang='grc'><strong>774</strong></span> <span class='ocrx_word' id='word_1_198' title='bbox 2944 2389 3088 2453; x_wconf 91' lang='lat' dir='ltr'><strong>adn.</strong></span> <span class='ocrx_word' id='word_1_199' title='bbox 3132 2388 3185 2452; x_wconf 88' lang='lat'><strong>1.</strong></span> 
     </span>
     <span class='ocr_line' id='line_1_21' title="bbox 411 2497 1574 2584; baseline -0.003 -20"><span class='ocrx_word' id='word_1_200' title='bbox 411 2499 588 2564; x_wconf 90' lang='lat' dir='ltr'><strong>Curt.</strong></span> <span class='ocrx_word' id='word_1_201' title='bbox 629 2503 814 2581; x_wconf 83' lang='lat' dir='ltr'><strong>etym.</strong></span> <span class='ocrx_word' id='word_1_202' title='bbox 852 2519 1054 2581; x_wconf 85' lang='lat' dir='ltr'><strong>graec.</strong></span> <span class='ocrx_word' id='word_1_203' title='bbox 1093 2498 1188 2562; x_wconf 91' lang='lat' dir='ltr'><strong>ed.</strong></span> <span class='ocrx_word' id='word_1_204' title='bbox 1226 2497 1308 2575; x_wconf 91' lang='grc' dir='ltr'><strong>Π,</strong></span> <span class='ocrx_word' id='word_1_205' title='bbox 1343 2519 1402 2581; x_wconf 90' lang='lat' dir='ltr'><strong>p.</strong></span> <span class='ocrx_word' id='word_1_206' title='bbox 1442 2499 1574 2584; x_wconf 91' lang='grc'><strong>62).</strong></span> 
     </span>
    </p>

    <p class='ocr_par' dir='ltr' id='par_1_4' title="bbox 411 2602 3188 3225">
     <span class='ocr_line' id='line_1_22' title="bbox 590 2602 3185 2690; baseline -0.001 -21"><span class='ocrx_word' id='word_1_207' title='bbox 590 2605 728 2669; x_wconf 87' lang='lat' dir='ltr'><strong>Iam</strong></span> <span class='ocrx_word' id='word_1_208' title='bbox 783 2627 931 2669; x_wconf 85' lang='lat' dir='ltr'><strong>vero</strong></span> <span class='ocrx_word' id='word_1_209' title='bbox 987 2603 1292 2670; x_wconf 89' lang='lat' dir='ltr'><strong>eiusmodi</strong></span> <span class='ocrx_word' id='word_1_210' title='bbox 1340 2602 1683 2670; x_wconf 83' lang='lat' dir='ltr'><strong>infinitivos</strong></span> <span class='ocrx_word' id='word_1_211' title='bbox 1729 2609 2043 2690; x_wconf 91' lang='lat' dir='ltr'><strong>quotquot</strong></span> <span class='ocrx_word' id='word_1_212' title='bbox 2089 2604 2155 2668; x_wconf 90' lang='lat' dir='ltr'><strong>in</strong></span> <span class='ocrx_word' id='word_1_213' title='bbox 2201 2605 2487 2688; x_wconf 76' lang='lat' dir='ltr'><strong>Rigveda</strong></span> <span class='ocrx_word' id='word_1_214' title='bbox 2531 2611 2678 2670; x_wconf 86' lang='lat' dir='ltr'><strong>sunt</strong></span> <span class='ocrx_word' id='word_1_215' title='bbox 2724 2624 3185 2669; x_wconf 86' lang='lat' dir='ltr'><strong>enumeremus:</strong></span> 
     </span>
     <span class='ocr_line' id='line_1_23' title="bbox 412 2710 3187 2797; baseline -0.001 -20"><span class='ocrx_word' id='word_1_216' title='bbox 412 2711 931 2797; x_wconf 78' lang='lat' dir='ltr'><strong>iyadhyai‘VI,</strong></span> <span class='ocrx_word' id='word_1_217' title='bbox 968 2712 1073 2789; x_wconf 91' lang='grc'><strong>20,</strong></span> <span class='ocrx_word' id='word_1_218' title='bbox 1111 2713 1168 2777; x_wconf 94' lang='grc'><strong>8.</strong></span> <span class='ocrx_word' id='word_1_219' title='bbox 1241 2710 1648 2797; x_wconf 76' lang='lat' dir='ltr'><strong>ishadhyai</strong></span> <span class='ocrx_word' id='word_1_220' title='bbox 1696 2711 1836 2790; x_wconf 89' lang='lat' dir='ltr'><strong>VH,</strong></span> <span class='ocrx_word' id='word_1_221' title='bbox 1871 2713 1979 2791; x_wconf 91' lang='lat'><strong>43,</strong></span> <span class='ocrx_word' id='word_1_222' title='bbox 2022 2713 2075 2776; x_wconf 90' lang='lat'><strong>1.</strong></span> <span class='ocrx_word' id='word_1_223' title='bbox 2150 2712 2653 2797; x_wconf 74' lang='lat' dir='ltr'><strong>ishayadhyai</strong></span> <span class='ocrx_word' id='word_1_224' title='bbox 2702 2713 2749 2791; x_wconf 95' lang='grc' dir='ltr'><strong>Ι,</strong></span> <span class='ocrx_word' id='word_1_225' title='bbox 2792 2711 2936 2789; x_wconf 87' lang='grc'><strong>183,</strong></span> <span class='ocrx_word' id='word_1_226' title='bbox 2974 2710 3032 2775; x_wconf 91' lang='grc'><strong>3.</strong></span> <span class='ocrx_word' id='word_1_227' title='bbox 3082 2710 3187 2787; x_wconf 91' lang='lat' dir='ltr'><strong>VI,</strong></span> 
     </span>
     <span class='ocr_line' id='line_1_24' title="bbox 411 2818 3186 2905; baseline -0.001 -21"><span class='ocrx_word' id='word_1_228' title='bbox 411 2820 520 2897; x_wconf 88' lang='grc'><strong>49,</strong></span> <span class='ocrx_word' id='word_1_229' title='bbox 556 2821 617 2884; x_wconf 90' lang='grc'><strong>5.</strong></span> <span class='ocrx_word' id='word_1_230' title='bbox 665 2819 775 2897; x_wconf 90' lang='lat' dir='ltr'><strong>VI,</strong></span> <span class='ocrx_word' id='word_1_231' title='bbox 813 2820 918 2897; x_wconf 87' lang='lat'><strong>64,</strong></span> <span class='ocrx_word' id='word_1_232' title='bbox 953 2820 1014 2885; x_wconf 91' lang='lat'><strong>4.</strong></span> <span class='ocrx_word' id='word_1_233' title='bbox 1087 2820 1472 2904; x_wconf 79' lang='lat' dir='ltr'><strong>iradhyai,</strong></span> <span class='ocrx_word' id='word_1_234' title='bbox 1519 2840 1702 2905; x_wconf 89' lang='lat' dir='ltr'><strong>quem</strong></span> <span class='ocrx_word' id='word_1_235' title='bbox 1749 2818 2133 2885; x_wconf 82' lang='lat' dir='ltr'><strong>infinitivum</strong></span> <span class='ocrx_word' id='word_1_236' title='bbox 2166 2820 2437 2885; x_wconf 88' lang='lat' dir='ltr'><strong>Rothius</strong></span> <span class='ocrx_word' id='word_1_237' title='bbox 2484 2823 2549 2885; x_wconf 86' lang='lat' dir='ltr'><strong>in</strong></span> <span class='ocrx_word' id='word_1_238' title='bbox 2593 2821 2712 2885; x_wconf 88' lang='lat' dir='ltr'><strong>lex.</strong></span> <span class='ocrx_word' id='word_1_239' title='bbox 2751 2819 3001 2902; x_wconf 90' lang='lat' dir='ltr'><strong>Petrop.</strong></span> <span class='ocrx_word' id='word_1_240' title='bbox 3048 2840 3093 2883; x_wconf 81' lang='lat'><strong>8.</strong></span> <span class='ocrx_word' id='word_1_241' title='bbox 3135 2839 3186 2882; x_wconf 84' lang='lat' dir='ltr'><strong>v.</strong></span> 
     </span>
     <span class='ocr_line' id='line_1_25' title="bbox 411 2926 3187 3012; baseline -0.001 -21"><span class='ocrx_word' id='word_1_242' title='bbox 411 2926 632 2993; x_wconf 91' lang='lat' dir='ltr'><strong>iradh</strong></span> <span class='ocrx_word' id='word_1_243' title='bbox 671 2927 912 2992; x_wconf 82' lang='lat' dir='ltr'><strong>mavult</strong></span> <span class='ocrx_word' id='word_1_244' title='bbox 949 2926 1186 2992; x_wconf 84' lang='lat' dir='ltr'><strong>referre</strong></span> <span class='ocrx_word' id='word_1_245' title='bbox 1221 2927 1306 2992; x_wconf 91' lang='lat' dir='ltr'><strong>ad</strong></span> <span class='ocrx_word' id='word_1_246' title='bbox 1343 2948 1482 2992; x_wconf 88' lang='lat' dir='ltr'><strong>eam</strong></span> <span class='ocrx_word' id='word_1_247' title='bbox 1519 2948 1753 3004; x_wconf 83' lang='lat' dir='ltr'><strong>vocem,</strong></span> <span class='ocrx_word' id='word_1_248' title='bbox 1792 2950 1954 3012; x_wconf 88' lang='lat' dir='ltr'><strong>quae</strong></span> <span class='ocrx_word' id='word_1_249' title='bbox 1993 2930 2077 2991; x_wconf 93' lang='lat' dir='ltr'><strong>sit</strong></span> <span class='ocrx_word' id='word_1_250' title='bbox 2114 2927 2371 2992; x_wconf 86' lang='lat' dir='ltr'><strong>insolita</strong></span> <span class='ocrx_word' id='word_1_251' title='bbox 2400 2926 2694 2993; x_wconf 88' lang='lat' dir='ltr'><strong>intensivi</strong></span> <span class='ocrx_word' id='word_1_252' title='bbox 2724 2927 2928 2993; x_wconf 86' lang='lat' dir='ltr'><strong>forma</strong></span> <span class='ocrx_word' id='word_1_253' title='bbox 2953 2927 3187 2991; x_wconf 84' lang='lat' dir='ltr'><strong>radicis</strong></span> 
     </span>
     <span class='ocr_line' id='line_1_26' title="bbox 411 3033 3188 3118; baseline -0.001 -19"><span class='ocrx_word' id='word_1_254' title='bbox 411 3034 631 3111; x_wconf 75' lang='lat' dir='ltr'><strong>radh,</strong></span> <span class='ocrx_word' id='word_1_255' title='bbox 669 3055 857 3118; x_wconf 90' lang='lat' dir='ltr'><strong>quam</strong></span> <span class='ocrx_word' id='word_1_256' title='bbox 893 3035 976 3099; x_wconf 88' lang='lat' dir='ltr'><strong>ad</strong></span> <span class='ocrx_word' id='word_1_257' title='bbox 1013 3034 1149 3099; x_wconf 87' lang='lat' dir='ltr'><strong>rad.</strong></span> <span class='ocrx_word' id='word_1_258' title='bbox 1185 3036 1281 3110; x_wconf 84' lang='lat' dir='ltr'><strong>ir,</strong></span> <span class='ocrx_word' id='word_1_259' title='bbox 1316 3040 1390 3099; x_wconf 89' lang='lat' dir='ltr'><strong>ut</strong></span> <span class='ocrx_word' id='word_1_260' title='bbox 1426 3033 1782 3117; x_wconf 75' lang='lat' dir='ltr'><strong>iradhyai</strong></span> <span class='ocrx_word' id='word_1_261' title='bbox 1820 3035 1903 3099; x_wconf 90' lang='lat' dir='ltr'><strong>sit</strong></span> <span class='ocrx_word' id='word_1_262' title='bbox 1941 3035 2275 3099; x_wconf 85' lang='lat' dir='ltr'><strong>decurtata</strong></span> <span class='ocrx_word' id='word_1_263' title='bbox 2303 3034 2507 3100; x_wconf 86' lang='lat' dir='ltr'><strong>forma</strong></span> <span class='ocrx_word' id='word_1_264' title='bbox 2532 3056 2649 3118; x_wconf 89' lang='lat' dir='ltr'><strong>pro</strong></span> <span class='ocrx_word' id='word_1_265' title='bbox 2678 3034 3188 3117; x_wconf 76' lang='lat' dir='ltr'><strong>iradhadhyai</strong></span> 
     </span>
     <span class='ocr_line' id='line_1_27' title="bbox 413 3140 3188 3225; baseline -0 -20"><span class='ocrx_word' id='word_1_266' title='bbox 413 3142 463 3218; x_wconf 95' lang='grc' dir='ltr'><strong>Ι,</strong></span> <span class='ocrx_word' id='word_1_267' title='bbox 518 3141 663 3217; x_wconf 93' lang='grc'><strong>134,</strong></span> <span class='ocrx_word' id='word_1_268' title='bbox 701 3141 770 3205; x_wconf 82' lang='lat'><strong>2:</strong></span> <span class='ocrx_word' id='word_1_269' title='bbox 826 3141 970 3225; x_wconf 79' lang='lat' dir='ltr'><strong>yad</strong></span> <span class='ocrx_word' id='word_1_270' title='bbox 1017 3140 1165 3205; x_wconf 91' lang='lat' dir='ltr'><strong>dha</strong></span> <span class='ocrx_word' id='word_1_271' title='bbox 1209 3140 1450 3219; x_wconf 71' lang='lat' dir='ltr'><strong>krana</strong></span> <span class='ocrx_word' id='word_1_272' title='bbox 1495 3140 1850 3225; x_wconf 75' lang='lat' dir='ltr'><strong>iradhyai</strong></span> <span class='ocrx_word' id='word_1_273' title='bbox 1897 3141 2263 3219; x_wconf 78' lang='lat' dir='ltr'><strong>daksham</strong></span> <span class='ocrx_word' id='word_1_274' title='bbox 2310 3143 2625 3207; x_wconf 71' lang='lat' dir='ltr'><strong>sacanta</strong></span> <span class='ocrx_word' id='word_1_275' title='bbox 2667 3142 2977 3225; x_wconf 76' lang='lat' dir='ltr'><strong>fitayah,</strong></span> <span class='ocrx_word' id='word_1_276' title='bbox 3026 3162 3188 3225; x_wconf 87' lang='lat' dir='ltr'><strong>quae</strong></span> 
     </span>
    </p>
   </div>
   <div class='ocr_carea' id='block_1_4' title="bbox 279 3246 3191 3337">
    <p class='ocr_par' dir='ltr' id='par_1_5' title="bbox 279 3246 3191 3337">
     <span class='ocr_line' id='line_1_28' title="bbox 279 3246 3191 3337; baseline 0.001 -30"><span class='ocrx_word' id='word_1_277' title='bbox 279 3298 288 3307; x_wconf 91' lang='lat'><strong>.</strong></span> <span class='ocrx_word' id='word_1_278' title='bbox 412 3246 606 3313; x_wconf 79' lang='lat' dir='ltr'><strong>verba</strong></span> <span class='ocrx_word' id='word_1_279' title='bbox 647 3246 918 3313; x_wconf 82' lang='lat' dir='ltr'><strong>Rothius</strong></span> <span class='ocrx_word' id='word_1_280' title='bbox 972 3248 1064 3312; x_wconf 89' lang='lat' dir='ltr'><strong>sic</strong></span> <span class='ocrx_word' id='word_1_281' title='bbox 1117 3248 1310 3313; x_wconf 83' lang='lat' dir='ltr'><strong>vertit</strong></span> <span class='ocrx_word' id='word_1_282' title='bbox 1365 3248 1439 3335; x_wconf 57' lang='lat' dir='ltr'><strong>‘si</strong></span> <span class='ocrx_word' id='word_1_283' title='bbox 1495 3254 1722 3331; x_wconf 87' lang='lat' dir='ltr'><strong>parata</strong></span> <span class='ocrx_word' id='word_1_284' title='bbox 1777 3246 2138 3337; x_wconf 87' lang='lat' dir='ltr'><strong>(libamina)</strong></span> <span class='ocrx_word' id='word_1_285' title='bbox 2195 3248 2277 3313; x_wconf 84' lang='lat' dir='ltr'><strong>ad</strong></span> <span class='ocrx_word' id='word_1_286' title='bbox 2332 3255 2397 3313; x_wconf 89' lang='lat' dir='ltr'><strong>te</strong></span> <span class='ocrx_word' id='word_1_287' title='bbox 2452 3248 2916 3314; x_wconf 87' lang='lat' dir='ltr'><strong>conciliandum</strong></span> <span class='ocrx_word' id='word_1_288' title='bbox 2972 3247 3191 3333; x_wconf 89' lang='lat' dir='ltr'><strong>(utilia</strong></span> 
     </span>
    </p>
   </div>
   <div class='ocr_carea' id='block_1_5' title="bbox 413 3353 3192 4938">
    <p class='ocr_par' dir='ltr' id='par_1_6' title="bbox 413 3353 3192 4938">
     <span class='ocr_line' id='line_1_29' title="bbox 413 3353 3187 3443; baseline -0.001 -24"><span class='ocrx_word' id='word_1_289' title='bbox 413 3353 620 3443; x_wconf 87' lang='lat' dir='ltr'><strong>sunt),</strong></span> <span class='ocrx_word' id='word_1_290' title='bbox 682 3360 832 3420; x_wconf 86' lang='lat' dir='ltr'><strong>vota</strong></span> <span class='ocrx_word' id='word_1_291' title='bbox 893 3354 960 3419; x_wconf 88' lang='lat' dir='ltr'><strong>in</strong></span> <span class='ocrx_word' id='word_1_292' title='bbox 1024 3354 1416 3421; x_wconf 82' lang='lat' dir='ltr'><strong>voluntatem</strong></span> <span class='ocrx_word' id='word_1_293' title='bbox 1479 3361 1656 3419; x_wconf 88' lang='lat' dir='ltr'><strong>tuam</strong></span> <span class='ocrx_word' id='word_1_294' title='bbox 1717 3355 1844 3419; x_wconf 88' lang='lat' dir='ltr'><strong>vim</strong></span> <span class='ocrx_word' id='word_1_295' title='bbox 1908 3354 2237 3420; x_wconf 85' lang='lat' dir='ltr'><strong>exercent’.</strong></span> <span class='ocrx_word' id='word_1_296' title='bbox 2330 3355 2784 3439; x_wconf 79' lang='lat' dir='ltr'><strong>irayadhyai</strong></span> <span class='ocrx_word' id='word_1_297' title='bbox 2846 3356 2965 3431; x_wconf 89' lang='lat' dir='ltr'><strong>IV,</strong></span> <span class='ocrx_word' id='word_1_298' title='bbox 3014 3355 3082 3431; x_wconf 83' lang='lat'><strong>2,</strong></span> <span class='ocrx_word' id='word_1_299' title='bbox 3135 3354 3187 3417; x_wconf 95' lang='lat'><strong>1.</strong></span> 
     </span>
     <span class='ocr_line' id='line_1_30' title="bbox 413 3460 3185 3546; baseline -0.002 -19"><span class='ocrx_word' id='word_1_300' title='bbox 413 3462 931 3545; x_wconf 79' lang='lat' dir='ltr'><strong>ksharadhyai</strong></span> <span class='ocrx_word' id='word_1_301' title='bbox 989 3462 1047 3539; x_wconf 93' lang='grc' dir='ltr'><strong>Ι,</strong></span> <span class='ocrx_word' id='word_1_302' title='bbox 1095 3462 1208 3539; x_wconf 92' lang='grc'><strong>63,</strong></span> <span class='ocrx_word' id='word_1_303' title='bbox 1248 3464 1306 3527; x_wconf 88' lang='grc'><strong>8.</strong></span> <span class='ocrx_word' id='word_1_304' title='bbox 1399 3462 1851 3546; x_wconf 74' lang='lat' dir='ltr'><strong>gamadhyai</strong></span> <span class='ocrx_word' id='word_1_305' title='bbox 1908 3462 1967 3539; x_wconf 93' lang='grc' dir='ltr'><strong>Ι,</strong></span> <span class='ocrx_word' id='word_1_306' title='bbox 2019 3462 2172 3540; x_wconf 92' lang='grc'><strong>154,</strong></span> <span class='ocrx_word' id='word_1_307' title='bbox 2211 3463 2268 3527; x_wconf 88' lang='lat'><strong>6.</strong></span> <span class='ocrx_word' id='word_1_308' title='bbox 2361 3463 2775 3545; x_wconf 66' lang='lat' dir='ltr'><strong>caratlhyai</strong></span> <span class='ocrx_word' id='word_1_309' title='bbox 2832 3461 2891 3539; x_wconf 91' lang='lat' dir='ltr'><strong>I,</strong></span> <span class='ocrx_word' id='word_1_310' title='bbox 2930 3462 3044 3538; x_wconf 90' lang='lat'><strong>61,</strong></span> <span class='ocrx_word' id='word_1_311' title='bbox 3088 3460 3185 3523; x_wconf 88' lang='grc'><strong>12.</strong></span> 
     </span>
     <span class='ocr_line' id='line_1_31' title="bbox 413 3566 3187 3654; baseline -0.002 -20"><span class='ocrx_word' id='word_1_312' title='bbox 413 3567 1074 3653; x_wconf 74' lang='lat' dir='ltr'><strong>prati-jaradhyai</strong></span> <span class='ocrx_word' id='word_1_313' title='bbox 1130 3568 1282 3646; x_wconf 89' lang='lat' dir='ltr'><strong>VH,</strong></span> <span class='ocrx_word' id='word_1_314' title='bbox 1320 3569 1424 3646; x_wconf 87' lang='lat'><strong>67,</strong></span> <span class='ocrx_word' id='word_1_315' title='bbox 1468 3571 1520 3632; x_wconf 91' lang='lat'><strong>1.</strong></span> <span class='ocrx_word' id='word_1_316' title='bbox 1595 3569 2375 3654; x_wconf 71' lang='lat' dir='ltr'><strong>pari-tansayadhyai</strong></span> <span class='ocrx_word' id='word_1_317' title='bbox 2434 3570 2491 3646; x_wconf 93' lang='grc' dir='ltr'><strong>Ι,</strong></span> <span class='ocrx_word' id='word_1_318' title='bbox 2534 3569 2678 3646; x_wconf 88' lang='grc'><strong>173,</strong></span> <span class='ocrx_word' id='word_1_319' title='bbox 2718 3570 2773 3633; x_wconf 87' lang='grc'><strong>7.</strong></span> <span class='ocrx_word' id='word_1_320' title='bbox 2830 3568 2946 3645; x_wconf 87' lang='lat' dir='ltr'><strong>VI,</strong></span> <span class='ocrx_word' id='word_1_321' title='bbox 2984 3568 3087 3646; x_wconf 85' lang='grc'><strong>22,</strong></span> <span class='ocrx_word' id='word_1_322' title='bbox 3132 3566 3187 3630; x_wconf 92' lang='grc'><strong>7.</strong></span> 
     </span>
     <span class='ocr_line' id='line_1_32' title="bbox 415 3673 3187 3760; baseline -0.001 -19"><span class='ocrx_word' id='word_1_323' title='bbox 415 3675 828 3760; x_wconf 73' lang='lat' dir='ltr'><strong>taradhyai</strong></span> <span class='ocrx_word' id='word_1_324' title='bbox 885 3675 1006 3753; x_wconf 92' lang='lat' dir='ltr'><strong>IX,</strong></span> <span class='ocrx_word' id='word_1_325' title='bbox 1059 3676 1212 3753; x_wconf 88' lang='lat'><strong>110,</strong></span> <span class='ocrx_word' id='word_1_326' title='bbox 1257 3677 1288 3740; x_wconf 93' lang='lat'><strong>1</strong></span> <span class='ocrx_word' id='word_1_327' title='bbox 1329 3706 1418 3731; x_wconf 90' lang='lat'><strong><em>=</em></strong></span> <span class='ocrx_word' id='word_1_328' title='bbox 1457 3675 1576 3741; x_wconf 88' lang='lat' dir='ltr'><strong>SV.</strong></span> <span class='ocrx_word' id='word_1_329' title='bbox 1634 3676 1691 3753; x_wconf 92' lang='grc' dir='ltr'><strong>Ι,</strong></span> <span class='ocrx_word' id='word_1_330' title='bbox 1736 3677 1887 3741; x_wconf 89' lang='grc'><strong>428.</strong></span> <span class='ocrx_word' id='word_1_331' title='bbox 1945 3676 2038 3752; x_wconf 90' lang='grc' dir='ltr'><strong>ΙΙ,</strong></span> <span class='ocrx_word' id='word_1_332' title='bbox 2079 3676 2223 3741; x_wconf 90' lang='grc'><strong>714.</strong></span> <span class='ocrx_word' id='word_1_333' title='bbox 2318 3675 2755 3759; x_wconf 76' lang='lat' dir='ltr'><strong>duhadhyai</strong></span> <span class='ocrx_word' id='word_1_334' title='bbox 2808 3674 2895 3751; x_wconf 88' lang='lat' dir='ltr'><strong>X,</strong></span> <span class='ocrx_word' id='word_1_335' title='bbox 2934 3674 3047 3751; x_wconf 88' lang='lat'><strong>61,</strong></span> <span class='ocrx_word' id='word_1_336' title='bbox 3089 3673 3187 3737; x_wconf 93' lang='grc'><strong>17.</strong></span> 
     </span>
     <span class='ocr_line' id='line_1_33' title="bbox 414 3780 3187 3867; baseline -0.001 -20"><span class='ocrx_word' id='word_1_337' title='bbox 414 3783 874 3867; x_wconf 74' lang='lat' dir='ltr'><strong>dhiyadhyai</strong></span> <span class='ocrx_word' id='word_1_338' title='bbox 914 3784 1052 3861; x_wconf 92' lang='lat' dir='ltr'><strong>VII,</strong></span> <span class='ocrx_word' id='word_1_339' title='bbox 1090 3784 1196 3860; x_wconf 90' lang='grc'><strong>34,</strong></span> <span class='ocrx_word' id='word_1_340' title='bbox 1225 3784 1328 3847; x_wconf 90' lang='grc'><strong>24.</strong></span> <span class='ocrx_word' id='word_1_341' title='bbox 1385 3782 1911 3866; x_wconf 71' lang='lat' dir='ltr'><strong>nacayadhyai</strong></span> <span class='ocrx_word' id='word_1_342' title='bbox 1950 3783 2126 3860; x_wconf 85' lang='lat' dir='ltr'><strong>VIII,</strong></span> <span class='ocrx_word' id='word_1_343' title='bbox 2165 3784 2268 3859; x_wconf 88' lang='grc'><strong>86,</strong></span> <span class='ocrx_word' id='word_1_344' title='bbox 2303 3783 2401 3846; x_wconf 85' lang='grc'><strong>14.</strong></span> <span class='ocrx_word' id='word_1_345' title='bbox 2456 3780 2871 3866; x_wconf 86' lang='lat' dir='ltr'><strong>pibadhyai</strong></span> <span class='ocrx_word' id='word_1_346' title='bbox 2910 3782 2958 3859; x_wconf 91' lang='lat'><strong>1,</strong></span> <span class='ocrx_word' id='word_1_347' title='bbox 2996 3783 3099 3857; x_wconf 88' lang='grc'><strong>88,</strong></span> <span class='ocrx_word' id='word_1_348' title='bbox 3126 3780 3187 3844; x_wconf 88' lang='grc'><strong>4.</strong></span> 
     </span>
     <span class='ocr_line' id='line_1_34' title="bbox 413 3888 3189 3973; baseline -0.001 -19"><span class='ocrx_word' id='word_1_349' title='bbox 413 3890 537 3968; x_wconf 90' lang='grc' dir='ltr'><strong>ΙΙΙ,</strong></span> <span class='ocrx_word' id='word_1_350' title='bbox 583 3890 689 3967; x_wconf 88' lang='grc'><strong>32,</strong></span> <span class='ocrx_word' id='word_1_351' title='bbox 732 3890 830 3955; x_wconf 91' lang='grc'><strong>15.</strong></span> <span class='ocrx_word' id='word_1_352' title='bbox 887 3891 1004 3969; x_wconf 87' lang='lat' dir='ltr'><strong>IV,</strong></span> <span class='ocrx_word' id='word_1_353' title='bbox 1053 3890 1158 3969; x_wconf 96' lang='grc'><strong>27,</strong></span> <span class='ocrx_word' id='word_1_354' title='bbox 1196 3890 1256 3955; x_wconf 94' lang='grc'><strong>5.</strong></span> <span class='ocrx_word' id='word_1_355' title='bbox 1313 3890 1428 3968; x_wconf 84' lang='lat' dir='ltr'><strong>VI,</strong></span> <span class='ocrx_word' id='word_1_356' title='bbox 1474 3890 1582 3967; x_wconf 86' lang='lat'><strong>44,</strong></span> <span class='ocrx_word' id='word_1_357' title='bbox 1623 3890 1723 3953; x_wconf 87' lang='lat'><strong>14.</strong></span> <span class='ocrx_word' id='word_1_358' title='bbox 1779 3889 1932 3965; x_wconf 91' lang='lat' dir='ltr'><strong>VII,</strong></span> <span class='ocrx_word' id='word_1_359' title='bbox 1979 3890 2085 3966; x_wconf 87' lang='grc'><strong>92,</strong></span> <span class='ocrx_word' id='word_1_360' title='bbox 2123 3891 2180 3954; x_wconf 93' lang='grc'><strong>2.</strong></span> <span class='ocrx_word' id='word_1_361' title='bbox 2238 3889 2346 3965; x_wconf 88' lang='grc' dir='ltr'><strong>ΙΧ,</strong></span> <span class='ocrx_word' id='word_1_362' title='bbox 2393 3889 2500 3966; x_wconf 89' lang='grc'><strong>97,</strong></span> <span class='ocrx_word' id='word_1_363' title='bbox 2538 3890 2640 3953; x_wconf 90' lang='grc'><strong>20.</strong></span> <span class='ocrx_word' id='word_1_364' title='bbox 2730 3888 3189 3973; x_wconf 76' lang='lat' dir='ltr'><strong>prinadhyai</strong></span> 
     </span>
     <span class='ocr_line' id='line_1_35' title="bbox 414 3993 3190 4085; baseline -0.001 -22"><span class='ocrx_word' id='word_1_365' title='bbox 414 3996 633 4082; x_wconf 77' lang='lat' dir='ltr'><strong>(vpar</strong></span> <span class='ocrx_word' id='word_1_366' title='bbox 675 3998 741 4085; x_wconf 89' lang='lat'><strong>1)</strong></span> <span class='ocrx_word' id='word_1_367' title='bbox 797 3998 916 4075; x_wconf 87' lang='lat' dir='ltr'><strong>VI,</strong></span> <span class='ocrx_word' id='word_1_368' title='bbox 962 3997 1066 4075; x_wconf 87' lang='lat'><strong>67,</strong></span> <span class='ocrx_word' id='word_1_369' title='bbox 1106 3997 1162 4062; x_wconf 91' lang='lat'><strong>7.</strong></span> <span class='ocrx_word' id='word_1_370' title='bbox 1251 3997 1740 4080; x_wconf 76' lang='lat' dir='ltr'><strong>bharadhyai</strong></span> <span class='ocrx_word' id='word_1_371' title='bbox 1794 3995 1911 4074; x_wconf 87' lang='lat' dir='ltr'><strong>VI,</strong></span> <span class='ocrx_word' id='word_1_372' title='bbox 1960 3996 2073 4074; x_wconf 90' lang='grc'><strong>66,</strong></span> <span class='ocrx_word' id='word_1_373' title='bbox 2111 3997 2170 4060; x_wconf 89' lang='grc'><strong>3.</strong></span> <span class='ocrx_word' id='word_1_374' title='bbox 2227 3996 2331 4073; x_wconf 91' lang='grc'><strong>67,</strong></span> <span class='ocrx_word' id='word_1_375' title='bbox 2367 3998 2427 4061; x_wconf 99' lang='grc'><strong>4.</strong></span> <span class='ocrx_word' id='word_1_376' title='bbox 2518 3993 3025 4079; x_wconf 78' lang='lat' dir='ltr'><strong>m&#39;andadhyai</strong></span> <span class='ocrx_word' id='word_1_377' title='bbox 3082 3995 3190 4071; x_wconf 89' lang='lat' dir='ltr'><strong>IV,</strong></span> 
     </span>
     <span class='ocr_line' id='line_1_36' title="bbox 419 4102 3188 4188; baseline -0.001 -19"><span class='ocrx_word' id='word_1_378' title='bbox 419 4105 522 4180; x_wconf 87' lang='lat'><strong>16,</strong></span> <span class='ocrx_word' id='word_1_379' title='bbox 561 4104 620 4169; x_wconf 89' lang='grc'><strong>2.</strong></span> <span class='ocrx_word' id='word_1_380' title='bbox 712 4103 1322 4188; x_wconf 78' lang='lat' dir='ltr'><strong>mandayadhyai</strong></span> <span class='ocrx_word' id='word_1_381' title='bbox 1374 4103 1486 4180; x_wconf 87' lang='lat' dir='ltr'><strong>IV,</strong></span> <span class='ocrx_word' id='word_1_382' title='bbox 1533 4104 1638 4179; x_wconf 88' lang='grc'><strong>29,</strong></span> <span class='ocrx_word' id='word_1_383' title='bbox 1674 4104 1732 4167; x_wconf 87' lang='grc'><strong>3.</strong></span> <span class='ocrx_word' id='word_1_384' title='bbox 1823 4103 2379 4188; x_wconf 76' lang='lat' dir='ltr'><strong>madayadhyai</strong></span> <span class='ocrx_word' id='word_1_385' title='bbox 2434 4104 2485 4181; x_wconf 92' lang='grc' dir='ltr'><strong>Ι,</strong></span> <span class='ocrx_word' id='word_1_386' title='bbox 2537 4103 2681 4181; x_wconf 88' lang='lat'><strong>167,</strong></span> <span class='ocrx_word' id='word_1_387' title='bbox 2723 4105 2777 4167; x_wconf 93' lang='lat'><strong>1.</strong></span> <span class='ocrx_word' id='word_1_388' title='bbox 2832 4102 2940 4179; x_wconf 90' lang='lat' dir='ltr'><strong>VI,</strong></span> <span class='ocrx_word' id='word_1_389' title='bbox 2994 4103 3092 4177; x_wconf 90' lang='grc'><strong>19,</strong></span> <span class='ocrx_word' id='word_1_390' title='bbox 3130 4102 3188 4165; x_wconf 96' lang='grc'><strong>6.</strong></span> 
     </span>
     <span class='ocr_line' id='line_1_37' title="bbox 418 4200 3189 4297; baseline -0.001 -22"><span class='ocrx_word' id='word_1_391' title='bbox 418 4212 524 4288; x_wconf 89' lang='grc'><strong>22,</strong></span> <span class='ocrx_word' id='word_1_392' title='bbox 561 4212 620 4275; x_wconf 88' lang='grc'><strong>3.</strong></span> <span class='ocrx_word' id='word_1_393' title='bbox 680 4212 784 4288; x_wconf 91' lang='grc'><strong>60,</strong></span> <span class='ocrx_word' id='word_1_394' title='bbox 826 4212 925 4276; x_wconf 88' lang='lat'><strong>13.</strong></span> <span class='ocrx_word' id='word_1_395' title='bbox 997 4211 1411 4297; x_wconf 74' lang='lat' dir='ltr'><strong>yajadhyai</strong></span> <span class='ocrx_word' id='word_1_396' title='bbox 1449 4208 1565 4295; x_wconf 86' lang='lat'><strong>(=</strong></span> <span class='ocrx_word' id='word_1_397' title='bbox 1605 4200 1968 4297; x_wconf 72' lang='grc' dir='ltr'>ἅζ-ε-σθαι)</span> <span class='ocrx_word' id='word_1_398' title='bbox 2009 4210 2122 4287; x_wconf 88' lang='grc' dir='ltr'><strong>ΙΙΙ,</strong></span> <span class='ocrx_word' id='word_1_399' title='bbox 2165 4212 2220 4287; x_wconf 96' lang='grc'><strong>1,</strong></span> <span class='ocrx_word' id='word_1_400' title='bbox 2263 4212 2315 4274; x_wconf 91' lang='grc'><strong>1.</strong></span> <span class='ocrx_word' id='word_1_401' title='bbox 2370 4212 2432 4287; x_wconf 88' lang='grc'><strong>4,</strong></span> <span class='ocrx_word' id='word_1_402' title='bbox 2470 4211 2527 4275; x_wconf 93' lang='grc'><strong>3.</strong></span> <span class='ocrx_word' id='word_1_403' title='bbox 2584 4210 2692 4287; x_wconf 91' lang='lat' dir='ltr'><strong>IV,</strong></span> <span class='ocrx_word' id='word_1_404' title='bbox 2730 4211 2835 4285; x_wconf 90' lang='grc'><strong>21,</strong></span> <span class='ocrx_word' id='word_1_405' title='bbox 2873 4210 2932 4272; x_wconf 95' lang='grc'><strong>5.</strong></span> <span class='ocrx_word' id='word_1_406' title='bbox 2990 4210 3093 4285; x_wconf 91' lang='grc'><strong>24,</strong></span> <span class='ocrx_word' id='word_1_407' title='bbox 3130 4205 3189 4271; x_wconf 83' lang='grc'><strong>5.</strong></span> 
     </span>
     <span class='ocr_line' id='line_1_38' title="bbox 423 4315 3189 4399; baseline -0.002 -16"><span class='ocrx_word' id='word_1_408' title='bbox 423 4318 533 4396; x_wconf 90' lang='lat' dir='ltr'><strong>VI,</strong></span> <span class='ocrx_word' id='word_1_409' title='bbox 576 4319 677 4395; x_wconf 95' lang='grc'><strong>11,</strong></span> <span class='ocrx_word' id='word_1_410' title='bbox 714 4318 772 4381; x_wconf 89' lang='grc'><strong>3.</strong></span> <span class='ocrx_word' id='word_1_411' title='bbox 827 4320 926 4395; x_wconf 96' lang='grc'><strong>12,</strong></span> <span class='ocrx_word' id='word_1_412' title='bbox 969 4320 1025 4396; x_wconf 96' lang='grc'><strong>1,</strong></span> <span class='ocrx_word' id='word_1_413' title='bbox 1063 4319 1121 4382; x_wconf 94' lang='grc'><strong>2.</strong></span> <span class='ocrx_word' id='word_1_414' title='bbox 1174 4315 1274 4395; x_wconf 90' lang='grc'><strong>15,</strong></span> <span class='ocrx_word' id='word_1_415' title='bbox 1317 4317 1415 4382; x_wconf 90' lang='grc'><strong>15.</strong></span> <span class='ocrx_word' id='word_1_416' title='bbox 1471 4316 1580 4395; x_wconf 87' lang='lat' dir='ltr'><strong>VI,</strong></span> <span class='ocrx_word' id='word_1_417' title='bbox 1616 4317 1722 4393; x_wconf 84' lang='lat'><strong>49,</strong></span> <span class='ocrx_word' id='word_1_418' title='bbox 1761 4318 1818 4382; x_wconf 92' lang='grc'><strong>2.</strong></span> <span class='ocrx_word' id='word_1_419' title='bbox 1858 4318 1965 4394; x_wconf 88' lang='grc'><strong>68,</strong></span> <span class='ocrx_word' id='word_1_420' title='bbox 2008 4319 2061 4381; x_wconf 89' lang='grc'><strong>1.</strong></span> <span class='ocrx_word' id='word_1_421' title='bbox 2117 4317 2258 4394; x_wconf 90' lang='lat' dir='ltr'><strong>VII,</strong></span> <span class='ocrx_word' id='word_1_422' title='bbox 2296 4320 2357 4395; x_wconf 92' lang='grc'><strong>2,</strong></span> <span class='ocrx_word' id='word_1_423' title='bbox 2399 4318 2452 4382; x_wconf 95' lang='grc'><strong>7.</strong></span> <span class='ocrx_word' id='word_1_424' title='bbox 2504 4316 2684 4393; x_wconf 85' lang='lat' dir='ltr'><strong>.v111,</strong></span> <span class='ocrx_word' id='word_1_425' title='bbox 2721 4316 2826 4393; x_wconf 90' lang='grc'><strong>39,</strong></span> <span class='ocrx_word' id='word_1_426' title='bbox 2869 4317 2923 4378; x_wconf 83' lang='lat'><strong>1:</strong></span> <span class='ocrx_word' id='word_1_427' title='bbox 2978 4315 3189 4399; x_wconf 76' lang='lat' dir='ltr'><strong>yaja-</strong></span> 
     </span>
     <span class='ocr_line' id='line_1_39' title="bbox 418 4412 3191 4513; baseline -0.002 -22"><span class='ocrx_word' id='word_1_428' title='bbox 418 4412 656 4511; x_wconf 81' lang='lat' dir='ltr'><strong>d‘hyai</strong></span> <span class='ocrx_word' id='word_1_429' title='bbox 693 4424 1004 4509; x_wconf 88' lang='lat' dir='ltr'><strong>(mutatus</strong></span> <span class='ocrx_word' id='word_1_430' title='bbox 1041 4432 1338 4490; x_wconf 87' lang='lat' dir='ltr'><strong>accentus</strong></span> <span class='ocrx_word' id='word_1_431' title='bbox 1373 4424 1690 4491; x_wconf 87' lang='lat' dir='ltr'><strong>notandus</strong></span> <span class='ocrx_word' id='word_1_432' title='bbox 1729 4423 1871 4513; x_wconf 87' lang='lat' dir='ltr'><strong>est).</strong></span> <span class='ocrx_word' id='word_1_433' title='bbox 1926 4424 2005 4501; x_wconf 89' lang='lat' dir='ltr'><strong>X,</strong></span> <span class='ocrx_word' id='word_1_434' title='bbox 2042 4424 2148 4500; x_wconf 93' lang='lat'><strong>61,</strong></span> <span class='ocrx_word' id='word_1_435' title='bbox 2190 4423 2289 4489; x_wconf 84' lang='lat'><strong>15.</strong></span> <span class='ocrx_word' id='word_1_436' title='bbox 2334 4426 2478 4501; x_wconf 90' lang='lat'><strong>110,</strong></span> <span class='ocrx_word' id='word_1_437' title='bbox 2517 4424 2573 4488; x_wconf 92' lang='grc'><strong>7.</strong></span> <span class='ocrx_word' id='word_1_438' title='bbox 2646 4421 3191 4507; x_wconf 75' lang='lat' dir='ltr'><strong>rishayadhyai</strong></span> 
     </span>
     <span class='ocr_line' id='line_1_40' title="bbox 415 4529 3189 4615; baseline -0.001 -19"><span class='ocrx_word' id='word_1_439' title='bbox 415 4532 466 4608; x_wconf 95' lang='grc' dir='ltr'><strong>Ι,</strong></span> <span class='ocrx_word' id='word_1_440' title='bbox 509 4530 655 4607; x_wconf 89' lang='grc'><strong>129,</strong></span> <span class='ocrx_word' id='word_1_441' title='bbox 687 4534 746 4595; x_wconf 85' lang='grc'><strong>8.</strong></span> <span class='ocrx_word' id='word_1_442' title='bbox 818 4530 1304 4615; x_wconf 79' lang='lat' dir='ltr'><strong>vandadhyai</strong></span> <span class='ocrx_word' id='word_1_443' title='bbox 1339 4529 1390 4607; x_wconf 90' lang='lat' dir='ltr'><strong>I,</strong></span> <span class='ocrx_word' id='word_1_444' title='bbox 1430 4529 1534 4603; x_wconf 83' lang='grc'><strong>27,</strong></span> <span class='ocrx_word' id='word_1_445' title='bbox 1577 4533 1629 4595; x_wconf 93' lang='grc'><strong>1.</strong></span> <span class='ocrx_word' id='word_1_446' title='bbox 1670 4532 1774 4607; x_wconf 92' lang='grc'><strong>61,</strong></span> <span class='ocrx_word' id='word_1_447' title='bbox 1812 4529 1872 4594; x_wconf 94' lang='grc'><strong>5.</strong></span> <span class='ocrx_word' id='word_1_448' title='bbox 1910 4530 2027 4607; x_wconf 93' lang='grc' dir='ltr'><strong>ΙΠ,</strong></span> <span class='ocrx_word' id='word_1_449' title='bbox 2064 4532 2125 4609; x_wconf 90' lang='grc'><strong>4,</strong></span> <span class='ocrx_word' id='word_1_450' title='bbox 2163 4532 2221 4595; x_wconf 90' lang='grc'><strong>3.</strong></span> <span class='ocrx_word' id='word_1_451' title='bbox 2286 4530 2837 4615; x_wconf 70' lang='lat' dir='ltr'><strong>vartayadhyai</strong></span> <span class='ocrx_word' id='word_1_452' title='bbox 2877 4529 2951 4606; x_wconf 90' lang='lat' dir='ltr'><strong>V,</strong></span> <span class='ocrx_word' id='word_1_453' title='bbox 2985 4530 3092 4605; x_wconf 87' lang='lat'><strong>43,</strong></span> <span class='ocrx_word' id='word_1_454' title='bbox 3131 4530 3189 4593; x_wconf 91' lang='grc'><strong>2.</strong></span> 
     </span>
     <span class='ocr_line' id='line_1_41' title="bbox 415 4634 3189 4721; baseline -0.001 -20"><span class='ocrx_word' id='word_1_455' title='bbox 415 4638 1030 4721; x_wconf 73' lang='lat' dir='ltr'><strong>vavridhadhyai</strong></span> <span class='ocrx_word' id='word_1_456' title='bbox 1067 4637 1118 4715; x_wconf 95' lang='lat' dir='ltr'><strong>I,</strong></span> <span class='ocrx_word' id='word_1_457' title='bbox 1155 4638 1262 4715; x_wconf 88' lang='lat'><strong>61,</strong></span> <span class='ocrx_word' id='word_1_458' title='bbox 1299 4640 1358 4702; x_wconf 89' lang='lat'><strong>3.</strong></span> <span class='ocrx_word' id='word_1_459' title='bbox 1402 4638 1549 4715; x_wconf 91' lang='grc'><strong>122,</strong></span> <span class='ocrx_word' id='word_1_460' title='bbox 1577 4638 1636 4701; x_wconf 89' lang='grc'><strong>2.</strong></span> <span class='ocrx_word' id='word_1_461' title='bbox 1674 4637 1784 4714; x_wconf 90' lang='lat' dir='ltr'><strong>VI,</strong></span> <span class='ocrx_word' id='word_1_462' title='bbox 1821 4638 1926 4715; x_wconf 91' lang='lat'><strong>67,</strong></span> <span class='ocrx_word' id='word_1_463' title='bbox 1960 4638 2014 4701; x_wconf 91' lang='lat'><strong>1.</strong></span> <span class='ocrx_word' id='word_1_464' title='bbox 2052 4638 2129 4715; x_wconf 86' lang='lat' dir='ltr'><strong>X,</strong></span> <span class='ocrx_word' id='word_1_465' title='bbox 2166 4639 2272 4715; x_wconf 89' lang='grc'><strong>99,</strong></span> <span class='ocrx_word' id='word_1_466' title='bbox 2306 4640 2359 4702; x_wconf 93' lang='grc'><strong>1.</strong></span> <span class='ocrx_word' id='word_1_467' title='bbox 2414 4637 2843 4721; x_wconf 78' lang='lat' dir='ltr'><strong>vahadhyai</strong></span> <span class='ocrx_word' id='word_1_468' title='bbox 2882 4636 2959 4713; x_wconf 89' lang='lat' dir='ltr'><strong>X,</strong></span> <span class='ocrx_word' id='word_1_469' title='bbox 2996 4636 3101 4712; x_wconf 89' lang='grc'><strong>22,</strong></span> <span class='ocrx_word' id='word_1_470' title='bbox 3130 4634 3189 4699; x_wconf 90' lang='grc'><strong>5.</strong></span> 
     </span>
     <span class='ocr_line' id='line_1_42' title="bbox 415 4742 3189 4829; baseline -0.001 -20"><span class='ocrx_word' id='word_1_471' title='bbox 415 4744 934 4829; x_wconf 73' lang='lat' dir='ltr'><strong>vajayadhyai</strong></span> <span class='ocrx_word' id='word_1_472' title='bbox 989 4744 1097 4821; x_wconf 83' lang='lat' dir='ltr'><strong>IV,</strong></span> <span class='ocrx_word' id='word_1_473' title='bbox 1145 4746 1251 4821; x_wconf 88' lang='grc'><strong>29,</strong></span> <span class='ocrx_word' id='word_1_474' title='bbox 1286 4745 1346 4809; x_wconf 91' lang='grc'><strong>3.</strong></span> <span class='ocrx_word' id='word_1_475' title='bbox 1419 4743 1858 4828; x_wconf 73' lang='lat' dir='ltr'><strong>vrijadhyai</strong></span> <span class='ocrx_word' id='word_1_476' title='bbox 1914 4744 2031 4821; x_wconf 91' lang='grc' dir='ltr'><strong>ΙΙΙ,</strong></span> <span class='ocrx_word' id='word_1_477' title='bbox 2077 4745 2182 4821; x_wconf 91' lang='lat'><strong>31,</strong></span> <span class='ocrx_word' id='word_1_478' title='bbox 2224 4744 2321 4809; x_wconf 89' lang='lat'><strong>17.</strong></span> <span class='ocrx_word' id='word_1_479' title='bbox 2396 4744 2815 4829; x_wconf 74' lang='lat' dir='ltr'><strong>Qayadhyai</strong></span> <span class='ocrx_word' id='word_1_480' title='bbox 2869 4744 2952 4819; x_wconf 93' lang='grc' dir='ltr'><strong>ΙΙ,</strong></span> <span class='ocrx_word' id='word_1_481' title='bbox 2995 4742 3094 4819; x_wconf 91' lang='grc'><strong>17,</strong></span> <span class='ocrx_word' id='word_1_482' title='bbox 3132 4742 3189 4805; x_wconf 93' lang='grc'><strong>6.</strong></span> 
     </span>
     <span class='ocr_line' id='line_1_43' title="bbox 424 4849 3192 4938; baseline -0.001 -22"><span class='ocrx_word' id='word_1_483' title='bbox 424 4850 544 4931; x_wconf 83' lang='lat' dir='ltr'><strong>Vl,</strong></span> <span class='ocrx_word' id='word_1_484' title='bbox 581 4852 687 4929; x_wconf 79' lang='lat'><strong>62,</strong></span> <span class='ocrx_word' id='word_1_485' title='bbox 725 4852 785 4915; x_wconf 88' lang='grc'><strong>3.</strong></span> <span class='ocrx_word' id='word_1_486' title='bbox 866 4852 1288 4938; x_wconf 71' lang='lat' dir='ltr'><strong>cucadhyai</strong></span> <span class='ocrx_word' id='word_1_487' title='bbox 1343 4851 1452 4931; x_wconf 87' lang='lat' dir='ltr'><strong>IV,</strong></span> <span class='ocrx_word' id='word_1_488' title='bbox 1497 4854 1559 4929; x_wconf 85' lang='lat'><strong>2,</strong></span> <span class='ocrx_word' id='word_1_489' title='bbox 1602 4852 1656 4918; x_wconf 91' lang='lat'><strong>1.</strong></span> <span class='ocrx_word' id='word_1_490' title='bbox 1731 4851 2140 4938; x_wconf 71' lang='lat' dir='ltr'><strong>sacadhyai</strong></span> <span class='ocrx_word' id='word_1_491' title='bbox 2195 4851 2244 4928; x_wconf 93' lang='lat' dir='ltr'><strong>I,</strong></span> <span class='ocrx_word' id='word_1_492' title='bbox 2296 4852 2441 4931; x_wconf 87' lang='lat'><strong>167,</strong></span> <span class='ocrx_word' id='word_1_493' title='bbox 2477 4850 2536 4916; x_wconf 94' lang='grc'><strong>5.</strong></span> <span class='ocrx_word' id='word_1_494' title='bbox 2612 4850 3029 4937; x_wconf 70' lang='lat' dir='ltr'><strong>sahadhyai</strong></span> <span class='ocrx_word' id='word_1_495' title='bbox 3085 4849 3192 4927; x_wconf 84' lang='lat' dir='ltr'><strong>VI,</strong></span> 
     </span>
    </p>
   </div>
   <div class='ocr_carea' id='block_1_6' title="bbox 2000 5206 2035 5217">
    <p class='ocr_par' dir='ltr' id='par_1_7' title="bbox 2000 5206 2035 5217">
     <span class='ocr_line' id='line_1_44' title="bbox 2000 5206 2035 5217; baseline 0 0"><span class='ocrx_word' id='word_1_496' title='bbox 2000 5206 2035 5217; x_wconf 65' lang='grc' dir='ltr'><strong>ιο·</strong></span> 
     </span>
    </p>
   </div>
  </div>
 </body>
</html>
