3911 5522
1710 383 1794 451 35

545 577 881 646 Locativus
937 581 1172 665 legitur
1223 603 1280 666 y.
1317 583 1424 659 49,
1461 581 1532 645 5:
1585 587 1668 665 γὲ.
1723 581 1834 668 (se.
1880 581 2161 666 avanha)
2208 585 2333 646 1139
2380 581 2653 662 qathre
2700 579 2737 644 (1
2752 585 2960 664 ayat,
3018 601 3144 664 quo

365 685 664 774 (auxilio)
711 709 826 752 nos
873 689 958 754 ad
1003 688 1402 772 splendorem
1439 689 1635 765 ducit,
1679 689 1740 752 h.
1781 711 1830 752 e.
1871 686 2086 764 efficit,
2132 692 2205 750 ut
2242 687 2697 770 splendeamus,
2729 687 2754 775 ΙΙ
2787 709 2845 772 y.
2885 688 2992 764 42,
3036 690 3145 754 12:

363 798 446 876 ya
493 792 604 880 (sc.
653 796 936 881 mazara)
983 793 1058 859 ve
1105 793 1276 859 ashis
1323 795 1630 878 ranoibyo
1679 795 1891 876 cavei
1937 795 2279 878 vidayat,
2334 816 2496 876 quae
2545 793 2785 884 (copia)
2830 797 3145 878 puritates

363 907 606 964 vestras
659 901 1122 983 pugnatoribus
1177 903 1262 966 ad
1314 903 1662 967 utilitatem
1721 902 1926 978 ducit,
1982 901 2043 966 11.
2092 923 2143 966 9.
2193 921 2355 984 quae
2404 900 2663 978 efficiet,
2714 907 2787 966 ut
2832 903 3143 985 puritates

361 1014 612 1071 vestrae
664 1009 1127 1091 pugnatoribus
1181 1010 1308 1072 sint
1363 1010 1651 1074 utilitati.
1729 1009 1886 1073 Cum
1932 1007 2173 1091 duplici
2220 1010 2581 1073 accusativo
2628 1008 2810 1074 radix
2856 1009 2951 1074 da
2995 1031 3142 1074 con-

365 1113 580 1177 iuncta
625 1121 720 1178 est
757 1136 812 1197 y.
852 1115 956 1191 35,
994 1115 1108 1179 251
1154 1115 1425 1180 thwam
1463 1120 1533 1194 at,
1569 1115 1830 1180 aeslam
1864 1117 2523 1198 paityaetaremca
2558 1115 3142 1180 fradakhstaremca

363 1219 834 1298 dademaide,
871 1228 938 1286 te
963 1221 1192 1286 horum
1219 1222 1578 1286 auditorem
1605 1229 2208 1305 praeceptoremque
2236 1221 2527 1297 facimus3
2564 1222 2640 1288 cf.
2668 1243 2726 1306 y,
2753 1223 2859 1298 42,
2892 1219 2991 1286 15.
3027 1221 3053 1308 Η
3083 1243 3140 1305 y.

364 1325 424 1401 8,
465 1326 572 1389 12:
619 1327 1208 1412 khshayamnem
1255 1327 1704 1393 ashavanem
1743 1329 2025 1412 dayata
2061 1328 2597 1411 akhshayamnem
2634 1328 2983 1404 drvantem,
3028 1349 3141 1411 po-

363 1438 606 1497 tentem
641 1433 832 1498 facite
868 1457 1117 1518 purum,
1159 1437 1570 1518 impotentem
1603 1435 1857 1500 malum.
1891 1434 1917 1522 Η
1951 1436 2049 1499 vd.
2097 1437 2152 1510 1,
2194 1436 2249 1510 1,
2288 1435 2357 1499 2:
2395 1442 2603 1514 mraot
2638 1435 2841 1500 ahuro
2878 1437 3140 1500 mazdao

363 1541 674 1621 epitamai
718 1535 1191 1606 zarathushtrai
1233 1544 1242 1625 1
1283 1555 1458 1606 azem
1504 1540 2083 1621 dadham...a‹;6
2128 1543 2612 1606 ramodaitim
2658 1541 2822 1620 noit
2866 1542 3140 1620 kudat-

361 1644 703 1723 shaitim,
751 1649 912 1712 dixit
949 1647 1170 1712 Ahura
1206 1647 1434 1713 Mazda
1469 1648 1868 1736 Qpitamidae
1905 1649 2257 1712 Zoroastrie
2306 1669 2423 1731 ego
2462 1647 2581 1712 feci
2619 1649 2827 1714 locum
2862 1650 3139 1714 amoeni-

359 1753 514 1816 tatis
563 1753 656 1829 id,
712 1755 884 1835 quod
929 1775 1331 1837 nequaquam
1377 1775 1714 1819 amoenum
1759 1761 1925 1832 erat,
1980 1754 2041 1819 h.
2089 1777 2140 1819 e.
2188 1755 2397 1820 locum
2442 1775 2703 1838 prorsus
2751 1755 3139 1838 inhospitum

359 1860 523 1922 verti
561 1859 628 1923 in
665 1860 874 1924 locum
909 1863 1314 1926 amoenitatis
1351 1861 1625 1944 plenum.
1660 1861 1684 1947 ΙΙ
1717 1883 1774 1946 y.
1816 1860 1922 1939 67,
1964 1863 2030 1926 1:
2078 1863 2149 1925 te
2188 1861 2471 1926 ahmane
2508 1861 2672 1926 311119
2710 1871 2971 1946 aoyam
3008 1862 3137 1928 da—

357 1965 590 2043 mahi,
625 1973 708 2044 te,
746 1967 968 2033 Ahura
1004 1976 1174 2045 nata,
1211 1967 1334 2032 hac
1367 1990 1440 2033 re
1473 1970 1818 2052 propitiam
1853 1969 2195 2033 reddimus.
2230 1967 2256 2056 Η
2286 1989 2343 2052 y.
2381 1968 2489 2045 49,
2524 1969 2593 2032 9:
2637 1968 2995 2034 khshathra
3030 1992 3137 2036 va—

359 2074 492 2136 rezi
538 2077 662 2137 1139
709 2073 750 2136 d
761 2079 916 2157 yet,
962 2076 1230 2158 imperia
1273 2074 1558 2139 subiecta
1603 2074 1785 2140 nobis
1831 2074 2044 2152 faciat,
2089 2077 2129 2140 i.
2168 2095 2219 2138 e.
2270 2077 2332 2139 in
2369 2074 2681 2139 dicionem
2716 2083 3001 2141 nostram
3036 2099 3136 2142 re-

358 2178 877 2266 digat.l{vka1·:
930 2203 986 2263 y.
1026 2181 1132 2257 30,
1169 2181 1240 2244 9:
1294 2187 1440 2260 atea
1483 2180 1576 2245 toi
1621 2182 1800 2246 vaem
1845 2187 2075 2264 qyama
2118 2181 2223 2264 yoi
2270 2183 2359 2244 1111
2406 2179 2685 2246 frashem
2730 2181 2967 2268 (Spieg.
3015 2182 3134 2266 leg.

355 2284 653 2372 frashim)
699 2286 1015 2351 kerenaon
1059 2287 1280 2362 ahfim,
1334 2287 1453 2352 tibi
1499 2309 1614 2353 nos
1665 2289 1859 2352 simus
1905 2291 1993 2364 ei,
2040 2289 2149 2370 qui
2196 2287 2367 2352 hunc
2411 2289 2719 2353 mundum
2762 2309 3135 2372 prosperum

355 2393 698 2458 reddamus
753 2391 1065 2479 (propriee
1121 2393 1440 2482 reddant.)
1487 2394 1658 2478 Jolly
1713 2415 1854 2478 pag.
1901 2396 1989 2459 46
2046 2393 2195 2459 libri
2250 2397 2349 2459 sui
2393 2397 2505 2477 qui
2552 2394 2945 2460 inscribiturz
3000 2396 3135 2482 ι(191·

359 2499 736 2583 Oonjunctiv
778 2523 840 2564 u.
879 2501 1140 2583 Optativ
1184 2503 1274 2564 im
1307 2501 1482 2566 Zend
1524 2523 1583 2564 u.
1621 2502 2101 2584 Altpersischen
2146 2503 2233 2565 im
2270 2501 2605 2585 Vergleich
2640 2504 2757 2566 mit
2794 2504 2939 2566 dem
2976 2502 3133 2568 San-

357 2605 522 2670 skrit
573 2608 705 2671 und
754 2607 1220 2672 Griechischen.
1276 2607 1594 2674 Miinehen
1645 2609 1834 2674 1872’
1887 2609 2059 2674 hunc
2109 2609 2319 2673 locum
2371 2609 2453 2673 ad
2508 2609 2863 2674 doctrinam
2910 2610 2989 2674 de
3033 2631 3133 2676 re-

356 2715 749 2779 surrectione
804 2716 1124 2798 pertinere
1170 2699 1534 2781 existimans
1580 2717 1796 2782 vertit:
1855 2716 2169 2804 mochten
2213 2717 2329 2781 wir
2376 2714 2539 2781 doch
2584 2716 2687 2780 die
2733 2716 2918 2802 (oder
2962 2716 3131 2807 dir’)

355 2823 512 2897 sein,
550 2820 652 2885 die
689 2823 895 2886 dieses
932 2822 1148 2887 Leben
1185 2844 1264 2885 zu
1303 2825 1508 2888 einem
1545 2826 1784 2907 ewigen
1817 2822 2119 2889 machon?

539 2928 641 2991 Ad
688 2928 753 2991 id
793 2928 1047 2993 dicendi
1081 2950 1278 3012 genus
1317 2930 1781 3019 quodamnodo
1818 2930 2059 2995 redisse
2096 2932 2391 2995 videntur
2426 2930 2853 2995 Romanorum
2889 2937 3134 3014 poetae,

359 3036 478 3117 qui
515 3054 658 3098 eum
693 3036 1008 3117 pedestris
1045 3038 1252 3100 olatio
1289 3036 1666 3119 particulam
1703 3044 1786 3100 ut
1824 3039 2129 3119 requirat,
2164 3036 2355 3101 verbo
2394 3035 2727 3102 faciendi
2756 3018 3133 3105 infinitivum

353 3141 590 3205 addere
636 3141 858 3217 solent,
905 3148 979 3206 ut
1014 3142 1263 3207 Lucret.
1312 3144 1392 3206 de
1439 3165 1649 3207 rerum
1695 3149 1824 3208 nat.
1865 3143 1981 3220 111,
2022 3144 2177 3208 1012
2224 3164 2438 3209 verum
2481 3143 2767 3209 habitum
2815 3146 3133 3227 quendam

353 3248 615 3313 vitalem
668 3250 958 3329 corporis
1013 3270 1166 3327 9339,
1224 3249 1628 3314 harmoniam
1689 3250 1862 3315 Grai
1917 3272 2115 3333 quam
2171 3252 2417 3329 dieunt,
2479 3252 2651 3333 quod
2704 3252 2945 3333 faeiat
2998 3270 3131 3318 nos

353 3355 608 3419 vivere
663 3376 802 3420 eum
856 3376 1062 3421 sensu.
1142 3356 1260 3433 111,
1297 3358 1457 3421 302:
1518 3379 1684 3439 quae
1739 3358 2076 3423 tremulum
2130 3358 2437 3439 faciunt
2478 3360 2771 3423 membris
2814 3361 3133 3424 eoeistere

351 3466 608 3525 motum.
669 3462 776 3539 VI,
813 3462 974 3526 455:
1010 3462 1162 3529 haee
1197 3463 1502 3543 faciunt
1536 3465 1818 3545 primum
1843 3484 2099 3545 parvas
2134 3466 2545 3531 consistere
2581 3466 2789 3529 nubes.
2862 3465 2970 3541 VI,
2999 3465 3131 3531 510

355 3590 523 3650 3](1.;
570 3574 628 3633 et
673 3570 821 3649 ipsa
869 3570 1055 3649 eopia
1099 3570 1456 3636 nimborum
1493 3572 1686 3636 turba
1721 3574 1967 3637 maiore
2002 3576 2223 3637 coacta
2258 3576 2457 3653 uryet,
2507 3572 2583 3635 de
2618 3590 2845 3651 supero
2871 3573 3127 3651 premit,

251 3742 258 3748 ,
351 3696 430 3740 ae
467 3674 664 3755 facit
699 3675 1026 3756 effluere
1061 3676 1301 3741 imbris.
1363 3676 1466 3763 (ef.
1506 3678 1614 3755 1v,
1653 3678 1810 3744 283:
1859 3684 1916 3742 et
1951 3679 2131 3759 faoi-t,
2180 3683 2251 3743 ut
2284 3679 2481 3761 prius
2514 3677 2679 3743 hanc
2716 3698 2955 3742 omnem
2990 3698 3129 3743 sene

351 3783 474 3845 tire
519 3782 872 3869 queamua)
947 3783 1131 3867 Verg.
1171 3784 1324 3848 Aen.
1364 3783 1446 3861 11,
1481 3784 1642 3849 538:
1693 3786 1806 3867 qui
1850 3786 1996 3849 nati
2042 3806 2256 3849 eoram
2299 3805 2403 3849 me
2446 3804 2747 3849 cernere
2794 3784 2983 3849 letum
3019 3785 3129 3865 fe-

349 3888 546 3953 cisti.
605 3888 782 3954 Ovid.
821 3888 970 3954 Met.
1009 3890 1148 3967 VII,
1187 3891 1345 3955 690:
1383 3890 1494 3957 hoo
1529 3912 1659 3970 me,
1701 3896 1862 3956 nata
1900 3892 2023 3956 dea
2044 3940 2197 3955 .....
2219 3892 2410 3955 telum
2446 3891 2638 3971 flere
2674 3890 2869 3971 facit
2905 3892 3128 3972 faciet-

353 4016 474 4077 que
511 3996 642 4073 diu,
683 3996 740 4061 si
777 3997 978 4061 vivere
1013 3997 1193 4062 nobis
1230 3997 1378 4078 fata
1415 3998 1532 4063 dia
1568 3998 1872 4062 dederint.
1931 3998 2009 4075 X,
2046 3996 2202 4061 357:
2241 4002 2311 4062 at
2356 3998 2651 4079 Cinyras,
2696 4019 2903 4080 quem
2943 4000 3127 4078 eopia

351 4102 558 4183 diyna
591 4122 956 4182 procerum,
1011 4104 1170 4185 quid
1214 4104 1440 4184 faeiat,
1490 4105 1846 4169 dubitare
1891 4105 2113 4186 faeit,
2164 4106 2434 4169 scitatur
2472 4105 2553 4169 ab
2588 4106 2753 4185 ipsa.
2828 4106 2938 4170 Ov.
2976 4105 3125 4170 Her.

348 4207 555 4285 XVII,
605 4209 758 4273 174:
824 4214 882 4275 et
933 4210 1118 4274 illum
1173 4230 1460 4275 securam
1503 4211 1828 4291 probitaS,
1897 4211 2113 4292 forma
2168 4212 2427 4275 timere
2480 4211 2691 4291 facit.
2784 4211 2954 4275 Pers.
2993 4210 3124 4287 Sat.

353 4313 404 4391 I,
441 4314 558 4378 44:
598 4317 894 4399 quisquis
931 4337 1010 4394 93,
1053 4338 1088 4381 o
1123 4318 1310 4381 modo
1347 4338 1558 4400 quem
1594 4340 1670 4383 ex
1707 4319 1977 4384 adverso
2014 4320 2263 4383 dicere
2298 4318 2466 4398 feci.

531 4422 692 4486 Item
731 4424 958 4489 Graeci
1007 4429 1070 4488 et
1115 4430 1342 4507 poetae
1389 4431 1456 4489 et
1501 4427 1841 4508 scriptores
1876 4446 2104 4507 prosae
2142 4426 2447 4489 orationis
2483 4424 2605 4488 hac
2639 4423 2941 4506 loquendi
2978 4446 3126 4490 eon-

347 4530 688 4593 suetudine
716 4532 815 4594 usi
845 4537 1011 4607 sunt,
1051 4537 1122 4595 ut
1149 4530 1462 4595 Homerus
1491 4549 1566 4615 ψ,
1596 4530 1759 4596 2581
1797 4531 1954 4597 θεοί
1986 4548 2065 4596 σε
2094 4532 2439 4617 ποίησαν
2470 4526 2789 4595 ἱκέσθαι
2818 4529 2883 4607 ἐς
2912 4526 3123 4595 οἶκον.

347 4634 540 4718 Soph.
581 4635 742 4700 Phil.
781 4637 940 4701 926:
988 4632 1264 4703 κλύειν
1301 4628 1381 4702 τὸ
1419 4630 1479 4702 τ’
1520 4633 1792 4702 ἔνδικόν
1827 4660 1914 4721 με
1954 4639 2069 4703 καὶ
2104 4629 2184 4701 τὸ
2225 4635 2566 4723 συμφέρον
2602 4648 2833 4701 ποιεῖ.
2892 4638 3124 4704 Electr.

348 4743 510 4808 623:
565 4729 607 4828 ἦ
665 4733 723 4807 6²
779 4734 912 4827 ἐγώ
955 4746 1070 4809 διαὶ
1115 4736 1266 4829 τᾶμ’
1314 4740 1440 4833 ἔπη
1487 4744 1600 4810 καὶ
1644 4736 1856 4830 τᾶργα
1901 4737 2079 4831 τάμὰ
2124 4736 2321 4809 πόλλ’
2368 4738 2537 4829 ἄγαν
2583 4743 2841 4828 λέγειν
2886 4759 3121 4811 ποιεῖ.

349 4850 676 4933 Aristoph.
715 4851 928 4933 Equit.
968 4852 1127 4916 9122
1168 4846 1300 4935 ἐγώ
1339 4868 1406 4916 σε
1448 4848 1712 4938 ποιήσω
1751 4865 2186 4937 τριηραρχεῖν.
2262 4850 2375 4917 Av.
2414 4852 2528 4917 59:
2564 4847 2865 4937 ποιήσεις
2901 4852 3009 4917 τοί
3044 4874 3123 4937 με

2625 4957 2697 5015 3*
