3911 5522
1593 453 1616 458 „
1717 355 1802 424 33

376 553 572 638 gasok
617 553 808 620 vinda
844 553 952 636 jah
996 561 1250 639 pamma
1291 575 1450 638 vega
1495 556 1717 632 vatins,
1765 553 2117 642 ἐπετίμησε
2162 561 2262 639 τῷ
2301 544 2525 638 ἀνέμῳ
2562 551 2677 617 καὶ
2714 557 2812 638 τῷ
2848 545 3146 617 κλύδωνι

374 668 500 725 τοῦ
537 651 798 738 ὕδατος.
873 661 1100 726 Matth.
1141 663 1200 738 8,
1237 661 1322 726 26
1363 691 1451 718 --
1485 682 1614 744 agS.
1652 662 1734 727 he
1771 662 2020 727 bebesul
2056 667 2207 745 pam
2240 661 2463 726 winde.
2494 659 2521 747 ΙΙ

554 769 812 832 irasciz
858 768 991 832 Ioh.
1035 769 1092 845 7,
1129 769 1244 833 23:
1290 769 1409 834 mis
1444 768 1722 852 hatizop,
1760 767 1906 852 ἐμοὶ
1937 772 2205 852 χολᾶτε.
2238 765 2265 855 ΙΙ

555 875 728 939 Haec
779 875 1208 940 inclinationis
1261 876 1464 952 noti0,
1520 897 1706 959 quam
1766 876 1967 940 dativi
2021 875 2217 940 ariaci
2270 873 2656 958 primitivam
2700 894 2835 938 esse
2881 893 2959 938 ex
3002 894 3149 938 con-

375 1001 562 1046 sensu
605 1003 714 1045 sex
761 980 1120 1064 linguarum
1163 981 1331 1047 inter
1377 1004 1444 1046 se
1501 988 1912 1064 cognatarum
1958 982 2095 1046 iure
2142 980 2431 1046 concludi
2467 982 2723 1065 poterit,
2766 981 2933 1044 viam
2970 979 3151 1062 quasi

375 1089 578 1152 munit
623 1095 688 1154 et
733 1088 940 1171 aperit
985 1089 1068 1152 ad
1115 1088 1382 1153 alteram
1428 1089 1628 1173 priori
1676 1089 2273 1166 coniunctissimam,
2319 1108 2445 1170 qua
2490 1089 2739 1153 dativus
2784 1088 2868 1151 ad
2913 1083 3151 1170 signifi-

377 1195 646 1258 candum
693 1194 791 1258 vel
839 1193 1154 1272 effectum,
1208 1195 1272 1258 h.
1318 1217 1369 1259 e.
1418 1201 1712 1260 eventum
1759 1195 2029 1260 actionis
2076 1195 2175 1260 vel
2223 1195 2551 1260 consilium
2596 1201 2952 1278 usurpatur.
3022 1193 3151 1258 Da-

374 1301 572 1365 tivum
620 1301 788 1365 enim
834 1301 1144 1366 commodi
1189 1300 1289 1366 vel
1333 1302 1714 1367 incommodi
1761 1303 1872 1386 qui
1919 1302 2155 1366 dicitur
2190 1323 2317 1367 non
2356 1302 2697 1385 separatim
2732 1299 3152 1376 tractandum,

375 1407 490 1472 sed
548 1407 764 1472 dativo
811 1407 1070 1472 effectus
1117 1407 1658 1502 adnumerandum
1705 1429 1839 1474 esse
1885 1409 2203 1485 existimO,
2258 1409 2574 1494 ‘quoniam
2618 1408 3009 1473 commodum
3052 1407 3153 1470 vel

373 1513 876 1591 incommodum’,
921 1521 996 1579 ut
1041 1514 1280 1580 Holtzii
1327 1515 1536 1580 verbis
1581 1521 1728 1580 utar
1775 1515 1966 1602 (synt.
2014 1516 2199 1599 prisc.
2250 1515 2461 1598 script.
2507 1515 2615 1579 lat.
2653 1515 2703 1591 I,
2740 1514 2920 1600 294),
2964 1513 3152 1600 ‘nihil

374 1619 550 1684 aliud
605 1625 702 1684 est
753 1621 877 1686 nisi
933 1623 1170 1704 species
1217 1621 1527 1705 generalis
1573 1622 1850 1687 notionis
1897 1621 2184 1699 effectus,
2241 1628 2307 1686 et
2351 1622 2404 1686 si
2450 1621 2711 1686 verbum
2756 1621 3149 1686 commodum

377 1726 566 1809 paulo
631 1727 858 1792 latiore
923 1727 1383 1812 significatione
1445 1733 1816 1814 usurpatur,
1881 1729 2087 1811 quivis
2143 1729 2393 1793 dativus
2450 1727 2710 1793 effectus
2763 1749 2879 1812 pro
2934 1726 3149 1791 dativo

376 1834 688 1898 commodi
732 1834 934 1918 accipi
979 1834 1226 1917 potest.’
1301 1835 1476 1900 Haec
1519 1836 1719 1918 igitur
1765 1840 1830 1900 et
1875 1835 2136 1901 effectus
2182 1842 2247 1901 et
2298 1835 2540 1900 consilii
2586 1832 2963 1917 significatio
3008 1855 3149 1898 cum

377 1939 444 2004 in
479 1937 824 2006 infinitivos
861 1942 1112 2006 vedicos
1147 1963 1221 2006 ac
1257 1942 1570 2007 bactricos
1608 1942 1812 2020 cadat,
1849 1943 1933 2008 ad
1966 1963 2071 2007 eos
2099 1964 2265 2007 nunc
2292 1947 2703 2006 transeamus.
2759 1939 2853 2004 Ac
2877 1940 3149 2024 primum

377 2045 634 2128 quidem
681 2047 762 2112 de
811 2048 900 2111 eis
947 2046 1276 2113 infinitivis
1320 2070 1598 2132 agamus,
1643 2049 1710 2112 in
1756 2048 1988 2132 quibus
2036 2048 2295 2115 effectus
2340 2047 2517 2113 notio
2564 2047 2748 2124 inest,
2794 2046 3025 2110 deinde
3070 2045 3149 2110 de

377 2152 487 2230 013,
531 2145 641 2235 qui
687 2151 907 2219 finales
943 2154 1222 2219 habendi
1261 2161 1424 2232 sunt,
1469 2177 1850 2240 quamquam
1885 2177 1987 2220 me
2028 2177 2155 2221 nou
2192 2154 2357 2236 fugit
2395 2153 2553 2220 finos
2576 2153 2917 2236 ‘utriusque
2956 2153 3149 2236 signi—

377 2257 689 2326 ficationis
729 2282 856 2326 non
901 2266 1036 2325 tam
1081 2267 1373 2327 accurate
1421 2261 1672 2326 definiri
1717 2269 1910 2345 atque
1958 2261 2385 2326 circumscribi
2432 2282 2640 2344 posse,
2686 2265 2757 2323 ut
2802 2265 2950 2324 utra
2994 2281 3150 2324 uno-

377 2387 630 2448 quoque
666 2367 802 2432 loco
841 2366 1219 2452 significatio
1257 2369 1342 2433 sit
1377 2369 1716 2434 statuenda
1751 2391 1867 2452 pro
1905 2375 2079 2434 certo
2116 2367 2423 2433 affirmari
2460 2368 2676 2467 possit.

555 2472 1018 2557 Saepenumero
1071 2476 1139 2540 in
1184 2476 1469 2558 Rigveda
1521 2475 1714 2540 verba
1759 2476 1894 2541 kar
1939 2481 2006 2540 et
2025 2470 2032 2477 ’
2053 2475 2199 2540 dha
2244 2497 2385 2540 cum
2430 2474 2648 2541 dativo
2696 2473 2955 2538 effectus
3003 2494 3150 2538 con-

378 2579 592 2645 iuncta
628 2581 940 2664 leguntur,
986 2587 1058 2645 ut
1093 2581 1170 2659 X,
1211 2583 1355 2660 186,
1392 2582 1432 2645 2
1471 2613 1558 2638 =
1596 2581 1716 2647 SV.
1755 2582 1836 2660 II,
1881 2584 2078 2647 1191:
2110 2584 2240 2646 'uta
2276 2587 2425 2645 vata
2462 2581 2655 2664 pitasi
2690 2601 2775 2644 na
2809 2583 2923 2644 uta
2957 2579 3150 2645 bhra-

378 2688 518 2750 tota
563 2689 690 2767 nab
738 2687 939 2752 sakha
978 2689 987 2774 Ι
1029 2691 1100 2754 sa
1145 2711 1227 2753 no
1267 2689 1608 2771 jivatave
1645 2689 1906 2771 kridhi
1939 2689 1967 2777 ΙΙ
1999 2711 2035 2754 o
2073 2696 2276 2766 vente,
2324 2688 2477 2752 deus
2516 2693 2581 2752 et
2617 2693 2799 2772 pater
2835 2693 3048 2752 nostor
3086 2707 3152 2752 es

379 2800 444 2857 et
487 2792 688 2859 frater
733 2802 949 2861 noster
995 2802 1060 2861 et
1095 2798 1352 2873 amicuS,
1397 2818 1512 2863 nos
1546 2798 1756 2862 vivere
1793 2796 1909 2863 fac.
1943 2796 1971 2884 ΙΙ
2004 2796 2109 2883 (cf.
2149 2797 2198 2873 Ι,
2235 2796 2341 2873 36,
2384 2795 2493 2858 143
2538 2794 2801 2875 kridht
2836 2815 2922 2859 na
2954 2795 3151 2861 urdh-

381 2906 504 2965 vafl
560 2902 906 2987 carathaya
954 2904 1228 2984 jivase,
1283 2904 1384 2969 fac
1437 2925 1551 2968 nos
1599 2910 1840 2969 erectos
1885 2904 1967 2967 ad
2015 2904 2357 2987 agendum,
2411 2902 2495 2967 ad
2541 2901 2922 2990 vivendum).
2956 2900 2983 2989 Η
3014 2901 3154 2979 VII,

380 3008 498 3084 32,
525 3008 564 3073 8
603 3040 690 3065 --
727 3009 846 3074 SV.
887 3010 935 3087 Ι,
974 3010 1134 3074 285:
1181 3013 1404 3075 avase
1441 3010 1978 3091 krinudhvam,
2012 3015 2085 3073 ut
2124 3012 2177 3075 is
2215 3009 2579 3093 opituletur,
2618 3007 2866 3086 efficite,
2902 3008 2977 3074 cf.
3019 3008 3154 3085 VII,

385 3114 493 3191 32,
529 3116 600 3190 9;
655 3115 840 3193 VIII,
883 3118 982 3192 18,
1025 3118 1106 3182 18
1143 3148 1230 3173 =
1269 3116 1388 3181 SV.
1427 3118 1474 3194 I,
1512 3117 1670 3181 395:
1725 3114 1868 3182 tuce
1923 3120 2161 3199 tanaya
2213 3118 2312 3180 tat
2367 3117 2441 3180 su
2494 3137 2576 3180 no
2632 3116 2946 3198 draghiya
2998 3121 3155 3198 ayur

373 3220 624 3304 jivase
666 3224 674 3305 Ι
717 3272 872 3286 .....
893 3223 1331 3303 krinotana,
1376 3225 1548 3303 genti
1597 3224 1720 3310 (et)
1769 3215 1973 3288 suboli
2019 3230 2274 3289 nostrae
2320 3222 2487 3287 hanc
2530 3228 2805 3288 aetatem
2851 3222 3053 3287 bonae
3091 3227 3156 3286 et

379 3326 650 3411 longiori
697 3328 864 3394 vitae
910 3329 1184 3416 (aptam)
1232 3329 1439 3406 facite,
1483 3330 1545 3395 h.
1595 3352 1645 3395 e.
1695 3328 1947 3407 efficite,
1994 3336 2067 3393 ut
2114 3352 2267 3413 gens
2314 3328 2687 3412 subolesque
2733 3335 2951 3393 nostra
2996 3328 3155 3393 bene

381 3441 446 3499 et
501 3456 690 3517 quam
746 3436 1106 3517 longissime
1151 3437 1346 3513 vivat,
1402 3436 1477 3501 cf.
1518 3436 1690 3515 VIII,
1728 3436 1833 3513 50,
1872 3437 1912 3502 8
1951 3468 2041 3495 =
2081 3435 2200 3502 SV.
2238 3436 2320 3514 ΙΙ,
2357 3436 2506 3499 932.
2540 3438 2565 3523 Η
2597 3436 2647 3513 Ι,
2686 3435 2789 3513 24,
2828 3436 2896 3509 83
2951 3436 3155 3519 apadc

380 3542 552 3625 pada
597 3542 1144 3623 pratidhatave
1194 3542 1379 3619 'kar,
1435 3545 1502 3607 iu
1548 3542 1716 3609 invio
1762 3543 1954 3627 Pedes
2004 3564 2239 3627 ponere
2277 3541 2442 3606 fecit.
2475 3541 2583 3629 ΙΙΙ,
2624 3542 2769 3619 112,
2808 3542 2875 3606 83
2918 3540 3155 3624 yabhih

381 3648 665 3729 ‹gacibhir
709 3648 1008 3728 vrishana
1051 3651 1430 3733 paravrijam
1469 3651 1826 3733 prandham
1863 3653 2121 3731 oronam
2159 3649 2533 3714 cakshasa
2568 3646 2782 3711 &tave
2817 3647 3156 3727 krithah,

382 3754 616 3837 quibus
659 3754 1043 3820 facinoribus
1091 3756 1424 3838 largitores
1460 3756 1854 3839 Paravrijam
1901 3754 2308 3843 (expulsum),
2352 3776 2622 3831 caecum,
2666 3754 2941 3819 distorta
2976 3774 3161 3818 crura

311 3884 322 3895 ·
383 3860 728 3927 habentem
785 3862 1027 3939 videre,
1081 3862 1372 3927 incedere
1428 3863 1684 3927 fec-istis.
1720 3860 1828 3950 ΙΙΙ,
1870 3863 2016 3939 113,
2052 3863 2121 3927 93
2174 3862 2334 3927 lisho
2388 3862 2513 3945 yad
2568 3862 2779 3943 agnini
2827 3860 3159 3925 samidhe

383 3966 752 4032 cakartha
773 4017 929 4033 .....
951 3970 1064 4033 tad
1112 3967 1388 4059 devesbu
1433 3970 1724 4050 cakrishe
1769 3968 2083 4033 bhadrAm
2128 3969 2359 4052 apnah,
2405 3969 2669 4043 Aurora,
2715 3968 2884 4050 quod
2929 3966 3157 4048 Agnim

381 4074 468 4137 ad
509 4075 978 4140 accendendum
1023 4077 1375 4153 adduxisti,
1427 4076 1488 4139 h.
1538 4098 1587 4140 e.
1635 4076 1805 4158 quod
1850 4074 2144 4151 effecisti,
2198 4081 2270 4138 ut
2316 4076 2514 4159 Agnis
2561 4076 3037 4148 accenderetur,
3092 4072 3159 4136 id

383 4181 548 4245 inter
595 4182 745 4246 deos
791 4182 1095 4265 peregisti
1142 4183 1536 4266 praeclarum
1583 4204 1753 4265 opus
1789 4180 1813 4269 ΙΙ
1846 4182 1895 4259 Ι,
1934 4182 2039 4259 25,
2077 4182 2145 4245 53
2190 4182 2361 4247 kada
2406 4182 2903 4265 kshatraqriyam
2942 4181 3158 4243 naram

381 4292 424 4351 a
477 4289 780 4367 varunam
835 4288 1246 4353 karamahe
1305 4290 1314 4373 1
1373 4289 2241 4372 mrilikayorueakshasam
2294 4288 2319 4375 ΙΙ
2370 4290 2624 4371 quando
2678 4287 3010 4371 imperium
3065 4291 3160 4349 te-

381 4398 638 4459 nentem
705 4394 964 4459 heroem
1016 4396 1342 4474 Varunam
1403 4395 1784 4460 adducemus
1840 4396 1924 4460 ad
1980 4394 2408 4471 clementiam,
2474 4396 2603 4459 late
2659 4392 3161 4476 circumspicien-

383 4502 554 4564 tem?
604 4500 630 4587 Η
684 4500 730 4575 Ι,
775 4502 929 4577 116,
973 4502 1080 4565 143
1143 4502 1354 4565 kavim
1376 4550 1564 4565 ......
1587 4501 2025 4582 akrinutam
2074 4494 2467 4576 vicakshe,
2532 4506 2739 4565 vatem
2792 4498 3161 4564 reddidistis

381 4614 602 4690 aptum
639 4608 722 4672 ad
758 4608 1115 4671 videndum.
1147 4606 1174 4694 Η
1207 4608 1288 4685 ΙΙ,
1323 4610 1429 4686 13,
1459 4609 1528 4673 5:
1567 4608 1890 4688 {ikrinoh
1927 4608 2257 4691 prithiv‘sm
2288 4608 2657 4688 samdrice
2687 4604 2846 4683 dive,
2882 4605 3163 4680 effecisti,

381 4720 456 4778 ut
491 4721 667 4779 terra
703 4714 926 4779 similis
963 4720 1129 4779 essct
1167 4716 1354 4779 caelo.
1388 4714 1414 4803 ΙΙ
1449 4714 1522 4792 V,
1561 4716 1666 4791 29,
1702 4714 1774 4778 4:
1821 4713 2137 4797 bhiyaisc
2172 4714 2443 4797 mrigz‘un
2485 4713 2657 4793 kah,
2704 4714 2926 4778 timere
2965 4711 3163 4776 feram

385 4821 606 4885 fecisti.
641 4822 666 4907 ΙΙ
701 4822 774 4898 Χ,
814 4822 922 4896 39,
962 4824 1028 4885 83
1076 4823 1304 4905 yuvxim
1351 4821 1544 4905 sadyo
1591 4821 1898 4904 vicpaihim
1947 4818 2163 4885 etave
2210 4820 2553 4901 kriths'ih,
2599 4844 2708 4883 vos
2754 4819 2969 4883 statim
3016 4818 3163 4901 Vi<-

521 4937 741 4987 wuholm,
771 4938 823 4977 ‹10-
851 4936 1096 4987 κηρυκι-το.
2691 4927 2725 4981 3
