3911 5522
2144 351 2185 420 2

773 549 938 619 libro
993 551 1102 638 qui
1156 552 1526 620 inscribitur
1579 551 2270 638 Conjugationssystem
2324 553 2435 618 des
2490 553 2810 632 Sanskrit,
2862 552 3335 634 Lateinischen‚
3393 553 3546 621 Per-

773 661 1044 740 sischen,
1103 659 1580 738 Griechischen,
1636 660 2159 737 Germanischen,
2211 659 2263 724 F
2264 658 2467 724 rankf.
2528 661 2727 740 1816,
2785 684 2907 747 quo
2966 663 3138 728 edito
3186 662 3547 745 linguarum

774 769 1126 832 ariacarum
1169 768 1419 832 ratione
1461 789 1537 832 ac
1573 768 1676 832 via
1712 768 2275 852 comparandarum
2312 767 2791 834 fundamentum
2826 769 2991 848 iecit,
3041 790 3183 834 cum
3220 769 3301 834 de
3336 767 3546 834 infini-

773 875 902 940 tivo
951 896 1174 958 graeco
1223 875 1598 958 disputaret,
1644 897 1702 958 p.
1745 875 1823 938 71
1871 873 2031 940 haec
2076 875 2426 940 addidisse:
2474 875 2603 940 tale
2651 876 2993 960 quidquam
3039 898 3117 940 ex
3152 875 3545 943 substantivo

774 986 839 1045 et
883 980 1074 1046 verbo
1121 980 1477 1059 conflatum,
1524 983 1692 1066 quod
1740 1003 1874 1046 esse
1919 980 2303 1046 infinitivum
2346 979 2675 1064 fingerent,
2721 984 2975 1049 omnino
3014 983 3081 1046 in
3116 983 3293 1048 nulla
3329 983 3548 1066 lingua

772 1089 1039 1172 reperiri
1103 1093 1168 1152 et
1229 1089 1359 1152 tale
1421 1093 1770 1152 monstrum
1833 1111 1977 1153 cum
2033 1088 2363 1153 Centauris
2428 1088 2788 1154 fabularum
2851 1089 3337 1173 comparandum
3394 1111 3543 1156 esse.

771 1195 1049 1278 Boppius
1088 1195 1252 1259 enim
1293 1197 1356 1258 in
1395 1195 1682 1260 omnibus
1710 1195 1942 1279 linguis
1971 1217 2131 1281 quae
2159 1197 2463 1261 sanserito
2492 1197 2764 1261 sermoni
2792 1201 3097 1279 cognatae
3126 1202 3274 1260 sunt
3302 1217 3545 1278 graeca,

774 1301 992 1378 latina,
1038 1303 1299 1386 persica,
1345 1304 1569 1385 gotica,
1613 1305 1985 1387 germanicis
2033 1301 2413 1368 infinitivum
2458 1325 2592 1368 esse
2630 1285 3093 1368 substantivum
3130 1304 3545 1368 contenderat

773 1408 1064 1493 idemque
1119 1409 1288 1473 inter
1335 1407 1724 1488 ,infinitivum
1775 1411 2044 1475 articulo
2100 1410 2199 1473 vel
2251 1411 2631 1474 instructum
2684 1409 2783 1475 vel
2838 1409 3132 1473 orbatum
3184 1410 3541 1492 linguarum

771 1518 1270 1596 germaniomum
1307 1521 1370 1580 et
1405 1536 1669 1598 graecae
1715 1522 1778 1581 et
1813 1515 2193 1580 infinitivum
2230 1517 2486 1594 nudum,
2534 1517 2924 1600 gerundium,
2965 1516 3257 1600 supinum
3293 1515 3543 1598 linguae

772 1622 1008 1686 latinae
1045 1622 1381 1688 discrimen
1419 1624 1503 1687 ad
1540 1623 1737 1706 ipsius
1775 1625 1868 1687 rei
1905 1629 2170 1687 naturae
2206 1625 2529 1707 pertinens
2556 1623 2947 1688 intercedere
2974 1627 3319 1705 negaverat
3344 1643 3403 1704 p.
3437 1621 3543 1699 38,

777 1728 878 1806 71,
929 1730 1075 1806 107,
1127 1729 1268 1793 132.
1343 1729 1545 1807 Quam
1589 1730 1794 1814 Boppi
1839 1730 2219 1796 sententiam
2266 1729 2657 1814 impugnavit
2704 1728 3053 1794 Guilelmus
3090 1728 3542 1794 Humboldtius

772 1837 840 1900 in
877 1835 1189 1918 Schlegeli
1237 1836 1660 1902 bibliothecae
1706 1837 1954 1902 indicae
1999 1837 2117 1902 vol.
2154 1837 2256 1914 IL,
2293 1859 2349 1901 a.
2392 1837 2581 1900 1824.
2658 1835 2781 1913 Qui
2819 1858 2959 1901 cum
2994 1835 3272 1900 omnium
3308 1835 3542 1899 acutis-

773 1943 928 2008 sime
972 1943 1139 2007 hanc
1181 1964 1317 2007 rem
1354 1943 1762 2026 investigasse
1801 1944 2103 2009 dicendus
2140 1944 2243 2020 sit,
2290 1943 2442 2027 quid
2480 1943 2559 2007 de
2596 1941 2909 2007 infinitivo
2946 1942 3230 2018 senserit,
3266 1941 3543 2006 breviter

773 2071 1082 2134 exponere
1130 2050 1198 2114 in
1241 2049 1452 2116 animo
1497 2056 1608 2116 est.
1685 2051 1748 2116 Is
1793 2051 1993 2134 igitur
2036 2051 2103 2115 in
2148 2051 2317 2116 hunc
2362 2049 2494 2114 fere
2529 2049 2783 2114 modum
2820 2050 3103 2132 disputat
3139 2071 3196 2132 p.
3239 2048 3343 2125 74,
3380 2070 3543 2132 sqq.:

773 2179 840 2222 88
875 2157 1048 2222 1111118
1083 2157 1270 2223 111οά8
1308 2157 1534 2222 adduci
1571 2179 1767 2242 posse,
1815 2164 1889 2222 ut
1925 2179 2143 2222 verum
2177 2155 2560 2222 infinitivum
2598 2178 2737 2220 cum
2773 2161 2959 2220 verbo
2996 2157 3280 2220 iunctum
3315 2175 3544 2221 nomen

773 2285 908 2330 8888
945 2265 1176 2344 credat,
1221 2285 1338 2328 nec
1375 2263 1687 2342 dubitare,
1733 2264 1884 2348 quin
1921 2265 2308 2348 aliquantum
2346 2263 2600 2328 intersit
2636 2264 2804 2326 inter
2840 2263 3005 2327 hanc
3039 2269 3372 2346 utramque
3408 2281 3543 2327 sen-

771 2373 1038 2436 tentiam
1082 2371 1211 2456 ι1811
1264 2371 1430 2436 habe
1475 2371 1633 2436 Lust
1676 2393 1755 2436 zu
1797 2371 2003 2437 essen'
2050 2377 2116 2436 et
2160 2371 2291 2458 ‘ich
2333 2371 2500 2434 habe
2545 2369 2703 2435 Lust
2748 2391 2889 2433 zum
2936 2367 3243 2456 Essen’.²)
3316 2368 3541 2452 Itaque

771 2479 900 2542 tria
945 2479 1391 2560 distinguenda
1435 2501 1568 2544 esse
1613 2500 1848 2560 genera
1892 2500 1950 2561 p.
1990 2479 2074 2542 99
2124 2479 2297 2557 dicit,
2344 2477 2413 2564 a)
2458 2475 2839 2541 infinitivum
2876 2497 2989 2561 per
3025 2498 3091 2540 se
3128 2477 3331 2559 ipsum
3368 2497 3543 2558 spec-

772 2593 994 2662 tatum,
1038 2585 1110 2671 b)
1157 2584 1534 2650 infinitivum
1582 2586 1960 2651 substantivi
2004 2586 2140 2650 loco
2186 2587 2461 2669 positum
2506 2586 2636 2650 sive
2672 2585 3105 2667 gerundivum,
3150 2582 3212 2669 c)
3252 2581 3542 2647 substan-

771 2693 972 2757 tivum
1003 2692 1272 2758 verbale.
1337 2693 1546 2778 Atque
1580 2693 1760 2756 illum
1799 2692 2053 2777 quidem
2088 2691 2485 2770 infinitivum,
2521 2711 2704 2776 quem
2742 2712 2956 2756 verum
2994 2712 3129 2755 esse
3166 2711 3359 2775 supra
3393 2690 3544 2766 dixi,

773 2801 1049 2865 medium
1083 2800 1288 2865 locum
1325 2800 1610 2865 obtinere
1647 2801 1815 2865 inter
1851 2800 2255 2884 participium
2292 2806 2357 2865 et
2390 2821 2637 2877 nomen,
2675 2822 2805 2864 non
2840 2807 2913 2864 ut
2944 2800 3274 2881 utriusque
3303 2796 3542 2863 formae

771 2914 1064 2973 naturam
1110 2909 1176 2972 in
1221 2930 1287 2973 se
1333 2910 1812 2991 complectatur,
1867 2908 1979 2973 scd
2026 2914 2099 2971 ut
2145 2906 2225 2972 ab
2274 2908 2383 2974 illo
2427 2905 2829 2991 proficiscens
2874 2908 2957 2970 ad
3001 2906 3125 2971 hoc
3168 2910 3301 2969 tam
3344 2926 3541 2989 prope

772 3016 1047 3093 accedat,
1081 3021 1156 3080 ut
1192 3016 1486 3081 facillime
1521 3016 1796 3080 transire
1833 3014 1896 3077 in
1931 3014 2068 3097 eius
2106 3018 2171 3079 et
2206 3015 2332 3078 vim
2368 3018 2433 3079 et
2469 3014 2738 3079 formam
2772 3014 2987 3098 possit.
3052 3010 3297 3077 Deinde
3333 3009 3543 3075 infini-

771 3124 963 3200 tivus,
1020 3126 1125 3208 qui
1181 3130 1412 3187 natura
1465 3142 1581 3187 sua
1636 3144 1712 3186 ex
1767 3121 1961 3187 verbo
2015 3120 2195 3186 finito
2240 3122 2595 3201 modorum,
2652 3142 3079 3197 numerorum,
3134 3138 3544 3205 personarum

772 3229 1229 3313 significatione
1275 3231 1581 3295 destituto
1627 3230 1896 3306 oriatur,
1943 3229 1996 3293 si
2044 3230 2153 3292 alii
2199 3229 2551 3293 subiciatur
2594 3228 2805 3305 verbO,
2851 3228 3048 3311 ipsius
3092 3226 3415 3291 notionem
3460 3225 3545 3289 ad

771 3338 1122 3403 subiectum
1166 3336 1344 3401 verbi
1381 3338 1659 3419 regentis
1695 3337 1968 3401 transire
2003 3358 2063 3419 p.
2106 3335 2209 3413 82,
2249 3336 2350 3401 87.
2425 3336 2608 3399 Hanc
2642 3340 2858 3399 autem
2893 3333 3321 3399 conditionem
3354 3336 3545 3415 prout

770 3445 970 3510 libeat
1007 3445 1146 3510 tolli
1185 3452 1250 3508 et
1288 3443 1665 3508 infinitivum
1693 3443 2069 3508 substantivi
2098 3442 2305 3508 forma
2330 3444 2508 3507 indui.
2538 3462 2737 3525 posse,
2774 3462 2897 3525 quo
2926 3440 3095 3505 facto
3124 3462 3267 3505 eum
3292 3439 3545 3524 plenam

772 3554 1026 3638 quidem
1061 3552 1330 3615 nominis
1367 3552 1491 3616 vim
1528 3574 1604 3617 ac
1638 3556 2036 3635 potestatem,
2073 3555 2381 3634 quatenus
2419 3550 2484 3613 in
2522 3549 2718 3631 ipsius
2754 3554 3049 3612 naturam
3076 3550 3302 3612 cadere
3328 3546 3545 3629 possit,

953 3800 1002 3869 ²)
1041 3800 1184 3854 Illud
1225 3798 1370 3868 quod
1408 3798 1604 3854 statuit
1639 3799 2029 3855 Humboldtius
2070 3798 2365 3854 discrimen
2404 3796 2462 3851 in
2500 3795 2900 3852 dubitationem
2940 3794 3157 3851 vocavit
3190 3795 3279 3849 W.
3310 3793 3543 3860 Lindau,

775 3890 868 3959 qui
909 3890 963 3943 in
1003 3890 1194 3943 libello
1233 3891 1302 3943 de
1340 3888 1632 3958 particulis
1668 3896 1730 3943 ut
1769 3896 1824 3943 et
1863 3890 2008 3958 quod
2046 3888 2209 3942 Halis
2247 3890 2371 3941 Sax.
2416 3888 2551 3941 1831
2592 3886 2742 3940 edito
2780 3888 2849 3941 de
2890 3902 2957 3940 ea
2993 3902 3053 3939 re
3091 3886 3229 3939 haec
3268 3884 3410 3938 bene
3451 3900 3545 3938 ex-

773 3980 1022 4049 posuisse
1069 3978 1206 4033 mihi
1255 3978 1472 4033 videtur
1516 3996 1569 4047 p.
1611 3981 1739 4033 113:
1787 3978 1893 4032 mir
1941 3980 2150 4031 kommt
2200 3994 2259 4031 es
2307 3984 2417 4040 vor,
2466 3976 2571 4029 als·
2598 3992 2753 4029 wenn
2800 3975 2891 4029 die
2928 3974 3249 4041 Beziehung
3295 3974 3408 4027 und
3452 3972 3546 4027 die

775 4068 1055 4137 Innigkeit
1101 4068 1200 4123 der
1245 4066 1605 4135 Verbindung
1652 4069 1750 4121 der
1797 4069 1934 4121 Lust
1980 4084 2048 4120 zu
2096 4082 2256 4120 essen
2304 4066 2413 4118 und
2460 4065 2559 4118 der
2597 4066 2733 4118 Lust
2779 4082 2901 4119 zum
2940 4064 3113 4117 Essen
3160 4061 3344 4132 gleich
3390 4078 3547 4130 gross

775 4164 943 4225 witre;
1001 4157 1110 4211 und
1169 4156 1241 4210 ist
1295 4156 1436 4211 auch
1494 4156 1567 4211 im
1623 4157 1854 4211 zweiten
1904 4156 1994 4209 die
2042 4154 2517 4221 Selbstiindigkeit
2564 4155 2661 4207 (188
2708 4154 2967 4222 Objectes
3014 4154 3113 4206 der
3160 4154 3297 4205 Lust
3344 4151 3400 4205 in
3448 4152 3547 4205 der

774 4248 1018 4315 Sprache
1065 4245 1362 4299 markirter
1407 4246 1796 4316 ausgedruckt,
1845 4262 1904 4299 so
1951 4245 2025 4298 ist
2071 4244 2145 4297 im
2188 4250 2371 4297 ersten
2410 4242 2501 4297 die
2540 4242 2897 4309 Vorstellnng
2935 4242 3033 4295 der
3072 4242 3207 4295 Lnst
3245 4240 3401 4294 nicht
3438 4256 3546 4293 we-

774 4336 932 4404 niger
968 4334 1068 4389 auf
1103 4342 1267 4389 etwas
1306 4336 1668 4404 angewiesen,
1707 4350 1818 4389 was
1855 4334 1947 4387 ssu·
1983 4333 2103 4387 sich
2140 4334 2254 4387 und
2292 4348 2485 4386 ausser
2522 4332 2645 4385 dem
2676 4330 2933 4399 Subjecte
2974 4330 3275 4384 bestehend
3306 4328 3548 4397 gedacht

773 4424 924 4478 wird.
999 4426 1062 4477 In
1117 4424 1316 4478 beiden
1363 4423 1559 4478 Fallen
1617 4424 1819 4477 driickt
1874 4439 1951 4477 zu
2007 4422 2097 4475 die
2144 4422 2427 4489 Richtung
2480 4421 2579 4475 der
2626 4421 2763 4474 Lust
2808 4420 2951 4474 nach
3000 4435 3197 4473 aussen
3244 4418 3343 4473 auf
3384 4418 3547 4472 ihren

774 4515 1128 4581 Gegenstand
1167 4530 1266 4569 aus
1304 4514 1416 4567 und
1452 4512 1544 4567 fur
1580 4511 1662 4567 sie
1701 4512 1850 4565 kann
1889 4527 1947 4565 es
1986 4510 2189 4565 keinen
2220 4509 2589 4564 Unterschied
2627 4510 2821 4577 geben,
2860 4507 2930 4562 ob
2969 4506 3077 4561 die
3105 4505 3550 4575 Vorstellung

773 4603 1007 4658 diesen
1055 4603 1491 4672 Gegenstand
1547 4602 1630 4655 als
1689 4600 1780 4654 ein
1827 4600 2163 4665 Handelm
2225 4600 2323 4654 das
2378 4598 2515 4653 aber
2568 4598 2660 4652 fiir
2698 4598 2866 4666 jeden
2915 4595 3202 4650 einzelnen
3248 4594 3373 4649 Fall
3421 4594 3549 4649 eine

773 4692 1072 4761 Handlung
1117 4692 1270 4758 witti,
1321 4692 1456 4745 oder
1501 4690 1584 4744 als
1633 4690 1756 4745 eine
1795 4691 2007 4743 Sache
2046 4688 2306 4743 darstellt
2341 4688 2454 4741 und
2492 4686 2549 4741 in
2588 4688 2686 4741 der
2723 4688 2967 4755 Sprache
3006 4686 3334 4752 ausdruckt3
3383 4683 3549 4738 beide

771 4782 951 4835 haben
999 4782 1092 4836 fur
1137 4781 1219 4835 sie
1257 4780 1348 4835 die
1387 4780 1632 4849 Geltung
1669 4779 1820 4833 eines
1859 4777 2295 4833 Substantiellen
2334 4777 2445 4831 und
2482 4775 2607 4831 sind
2645 4775 2919 4831 materiell
2958 4775 3069 4829 und
3108 4773 3451 4829 einwirkend
3490 4772 3549 4827 in

770 4872 956 4939 Bezug
995 4870 1094 4925 auf
1128 4870 1218 4924 die
1259 4870 1668 4937 Genngthuung
1706 4869 1805 4922 der
1841 4868 1995 4922 Lust.
